@string{taosd = "Transactions on Aspect-Oriented Software Development"}

@INPROCEEDINGS{Zhuang13,
  author = {Zhuang, Yung Yu and Chiba, Shigeru},
  title = {{Method Slots: Supporting Methods, Events, and Advices by a Single Language Construct}},
  booktitle = {{Proceedings of the 12th Annual International Conference on Aspect-Oriented Software Development (AOSD'13)}},
  year = 2013,
  editor = {Kienzle, J\"org},
  pages = {197--208},
  address = {Fukuoka, Japan},
  organization = {},
  publisher = {ACM},
  volume = {},
  number = {},
  series = {},
  month = mar,
  note = {}
}

@INPROCEEDINGS{Wampler07,
  author = {Wampler, Dean},
  title = {{Aspect-Oriented Design Principles: Lessons from Object-Oriented Design}},
  booktitle = {{Proceedings of the 6th International Conference on Aspect-Oriented Software Development (AOSD 2007)}},
  year = 2007,
  editor = {de Moor, Ooge},
  pages = {12-16},
  address = {Vancouver, BC, Canada},
  organization = {ACM},
  publisher = {},
  volume = {},
  number = {},
  series = {},
  month = mar,
  note = {}
}

@INPROCEEDINGS{Sullivan05b,
  author = {Sullivan, Kevin and Griswold, William G. and Song, Yuanyuan and Cai, Yuanfang and Shonle, Macneil and Tewari, Nishit and Rajan, Hridesh},
  title = {{Information Hiding Interfaces for Aspect-Oriented Design}},
  booktitle = {{Proceedings of the 10\superscript{th} European Software Engineering Conference (ESEC'05)}},
  year = 2005,
  editor = {},
  pages = {166--175},
  address = {Lisbon, Portugal},
  organization = {},
  publisher = {ACM},
  volume = {},
  number = {},
  series = {},
  month = sep,
  note = {}
}

@INPROCEEDINGS{Hoffman07b,
  author = {Hoffman, Kevin and Eugster, Patrick},
  title = {{Bridging Java and AspectJ through Explicit Join Points}},
  booktitle = {{Proceedings of the 5th International Symposium on Principles and Practice of Programming in Java (PPPJ'07)}},
  year = 2007,
  editor = {},
  pages = {63--72},
  address = {Lisbon, Portugal},
  organization = {},
  publisher = {ACM},
  volume = {},
  number = {},
  series = {},
  month = sep,
  note = {}
}

@INPROCEEDINGS{Rajan08,
  author = {Rajan, Hridesh and Leavens Gary T.},
  title = {{Ptolemy: A Language with Quantified, Typed Events}},
  booktitle = {{Proceedings of the Proceedings of the 22nd European Conference on Object-Oriented Programming (ECOOP'08)}},
  year = 2008,
  editor = {Vitek, Jan},
  pages = {155--179},
  address = {Paphos, Cyprus},
  organization = {},
  publisher = {Springer},
  volume = {},
  number = {},
  series = {LNCS 5142},
  month = jul,
  note = {}
}

@ARTICLE{Pawlak06,
  author = {Pawlak, Renaud},
  title = {{Spoon: Compile-Time Annotation Processing for Middleware}},
  journal = {{IEEE Distributed Systems Online}},
  year = 2006,
  volume = 7,
  number = 11,
  pages = {},
  month = nov,
  note = {}
}

@MASTERSTHESIS{Calvert10,
  author = {Calvert, Peter},
  title = {{Parallelisation of Java for Graphics Processors}},
  school = {{University of Cambridge}},
  year = 2010,
  address = {Cambridge, United Kingdom},
  type = {Master Thesis},
  month = jun,
  note = {}
}

@INPROCEEDINGS{Bodden11,
  author = {Bodden, Eric},
  title = {{Closure Joinpoints: Block Joinpoints without Surprises}},
  booktitle = {{Proceedings of the 10th International Conference on Aspect-Oriented Software Development (AOSD'11)}},
  year = 2011,
  editor = {Chiba, Shigeru},
  pages = {117-128},
  address = {Porto de Galinhas, Brazil},
  organization = {},
  publisher = {ACM},
  volume = {},
  number = {},
  series = {},
  month = mar,
  note = {}
}

@INPROCEEDINGS{Sobral07,
  author = {Sobral, Jo{\~a}o L. and Cunha, Carlos and Monteiro, Miguel P.},
  title = {{Aspect Oriented Pluggable Support for Parallel Computing}},
  booktitle = {{Proceedings of the 7th International Conference on High Performance Computing for Computational Science (VECPAR'06)}},
  year = 2007,
  editor = {},
  pages = {93-106},
  address = {Rio de Janeiro, Brazil},
  organization = {},
  publisher = {Springer},
  volume = {},
  number = {},
  series = {LNCS 4395},
  month = jul,
  note = {}
}

@TECHREPORT{Haddad08,
  author = {Haddad, Gahith and Leavens, Gary T.},
  title = {{Extensible Dynamic Analysis for JML: A Case Study with Loop Annotations}},
  institution = {{University of Central Florida}},
  year = 2008,
  type = {Technical Report},
  number = {CS-TR-08-05},
  address = {Orlando, Florida},
  month = apr,
  note = {}
}

@ARTICLE{Chalin10,
  author = {Chalin, Patrice and James, Perry R. and Lee, Jooyong and Karabotsos, George},
  title = {{Towards an Industrial Grade IVE for Java and Next Generation Research Platform for JML}},
  journal = {{International Journal on Software Tools for Technology Transfer}},
  year = 2010,
  volume = 12,
  number = 6,
  pages = {429-446},
  month = nov,
  note = {}
}

@INPROCEEDINGS{JuarezMartinez08,
  author = {Ju\'{a}rez-Mart\'{\i}nez, Ulises and Olmedo-Aguirre, Jos{\'e} Oscar},
  title = {{\'Enfasis: a Model for Local Variable Crosscutting}},
  booktitle = {{Proceedings of the 23rd Annual ACM Symposium on Applied Computing (SAC'08)}},
  year = 2008,
  editor = {},
  pages = {261-265},
  address = {Fortaleza, Cear\'a, Brazil},
  organization = {},
  publisher = {ACM},
  volume = {},
  number = {},
  series = {},
  month = mar,
  note = {}
}

@INPROCEEDINGS{Akai09,
  author = {Akai, Shumpei and Chiba, Shigeru and Nishizawa, Muga},
  title = {{Region Pointcut for AspectJ}},
  booktitle = {{Proceedings of the 8th workshop on Aspects, Components, and Patterns for Infrastructure Software (ACP4IS'09)}},
  year = 2009,
  editor = {},
  pages = {43-48},
  address = {Charlottesville, VA, USA},
  organization = {},
  publisher = {ACM},
  volume = {},
  number = {},
  series = {},
  month = mar,
  note = {}
}

@INPROCEEDINGS{Goncalves09,
  author = {Gon\c{c}alves, Rui C. and Sobral, Jo{\~a}o L.},
  title = {{Pluggable Parallelisation}},
  booktitle = {{Proceedings of the 18th ACM International Symposium on High Performance Distributed Computing (HPDC'09)}},
  year = 2009,
  editor = {},
  pages = {11-20},
  address = {M\"unich, Germany},
  organization = {},
  publisher = {ACM},
  volume = {},
  number = {},
  series = {},
  month = jun,
  note = {}
}

@INPROCEEDINGS{Murphy01,
  author = {Murphy, Gail C. and Lai, Albert and Walker, Robert J. and Robillard, Martin P.},
  title = {{Separating Features in Source Code: an Exploratory Study}},
  booktitle = {{Proceedings of the 23rd International Conference on Software Engineering (ICSE'01)}},
  year = 2001,
  editor = {M\"uller, Hausi A.},
  pages = {275-284},
  address = {Toronto, ON, Canada},
  organization = {},
  publisher = {IEEE Computer Society},
  volume = {},
  number = {},
  series = {},
  month = may,
  note = {}
}

@INPROCEEDINGS{Hoffman07,
 author = {Hoffman, Kevin and Ramanathan, Murali Krishna and Eugster, Patrick and Jagannathan, Suresh},
 title = {{Aspect-Based Introspection and Change Analysis for Evolving Programs}},
 editor = {Walter Cazzola and Shigeru Chiba and Yvonne Coady and St\'ephane Ducasse and G\"unter Kniesel and Manuel Oriol and Gunter Saake},
 booktitle = {Proceedings of ECOOP'2007 Workshop on Reflection, AOP and Meta-Data for Software Evolution (RAM-SE'07)},
 year = 2007,
 address = {Berlin, Germany},
 month = jul,
 pages = {59-70},
 note = {}
}


@INPROCEEDINGS{Chen06,
  author = {chen, Kung and Chen, Ju-Bin},
  title = {{On Instrumenting Obfuscated Java Bytecode with Aspects}},
  booktitle = {{Proceedings of the 2006 International Workshop on Software Engineering for Secure Systems (SESS'06)}},
  year = 2006,
  editor = {Bruschi, Danilo and De Win, Bart and Monga, Mattia},
  pages = {19-26},
  address = {Shanghai, China},
  organization = {},
  publisher = {ACM},
  volume = {},
  number = {},
  series = {},
  month = may,
  note = {}
}

@INPROCEEDINGS{Trifu05,
  author = {Trifu, Mircea and Kuttruff, Volker},
  title = {{Capturing Nontrivial Concerns in Object-Oriented Software}},
  booktitle = {{Proceedings of the 12th Working Conference on Reverse Engineering (WCRE'05)}},
  year = 2005,
  editor = {},
  pages = {99-108},
  address = {Pittsburgh, Pennsylvania, USA},
  organization = {},
  publisher = {IEEE Computer Society},
  volume = {},
  number = {},
  series = {},
  month = nov,
  note = {}
}

@INPROCEEDINGS{Kiczales05b,
  author = {Kiczales, Gregor and Mezini, Mira},
  title = {{Separation of Concerns with Procedures, Annotations, Advice and Pointcuts}},
  booktitle = {{Proceedings of the Proceedings of the 19th European Conference on Object-Oriented Programming (ECOOP'05)}},
  year = 2005,
  editor = {Black, Andrew P.},
  pages = {195-213},
  address = {Glasgow, Scotland},
  organization = {},
  publisher = {Springer},
  volume = {},
  number = {},
  series = {LNCS 3586},
  month = jul,
  note = {}
}

@INPROCEEDINGS{Giunta10,
  author = {Giunta, Rosario and Pappalardo, Giuseppe and Tramontana, Emiliano},
  title = {{Using Aspects and Annotations to Separate Application Code from Design Patterns}},
  booktitle = {{Proceedings of the 2010 ACM Symposium on Applied Computing (SAC'10)}},
  year = 2010,
  editor = {},
  pages = {2183-2189},
  address = {Sierre, Switzerland},
  organization = {ACM},
  publisher = {},
  volume = {},
  number = {},
  series = {},
  month = mar,
  note = {}
}

@INPROCEEDINGS{Zambrano10,
  author = {Zambrano, Arturo and Fabry, Johan and Jacobson, Guillermo and Gordillo, Silvia},
  title = {{Expressing Aspectual Interactions in Requirements: Experiences in the Slot Machine Domain}},
  booktitle = {{Proceedings of the 2010 ACM Symposium on Applied Computing (SAC'10)}},
  year = 2010,
  editor = {},
  pages = {2161-2168},
  address = {Sierre, Switzerland},
  organization = {ACM},
  publisher = {},
  volume = {},
  number = {},
  series = {},
  month = mar,
  note = {}
}

@INPROCEEDINGS{Chen10,
  author = {Chen, Jing and Su, Hui-Min and Chou, Chien-Fu},
  title = {{An Aspect-Oriented Framework for Operating System Evolution}},
  booktitle = {{Proceedings of the 2010 ACM Symposium on Applied Computing (SAC'10)}},
  year = 2010,
  editor = {},
  pages = {226-230},
  address = {Sierre, Switzerland},
  organization = {ACM},
  publisher = {},
  volume = {},
  number = {},
  series = {},
  month = mar,
  note = {}
}

@ARTICLE{Batory94,
  author = {Batory, Don and Singhal, Vivek and Thomas, Jeff and Dasari, Sankar and Geraci, Bart and Sirkin, Marty},
  title = {{The GenVoca Model of Software-System Generators}},
  journal = {{IEEE Software}},
  year = 1994,
  volume = 11,
  number = 5,
  pages = {89-94},
  month = sep,
  note = {}
}

@ARTICLE{Mens02,
  author = {Mens, Tom and Wermelinger, Michael},
  title = {{Separation of Concerns for Software Evolution}},
  journal = {{Journal of Maintenance and Evolution}},
  year = 2002,
  volume = 14,
  number = 5,
  pages = {311-315},
  month = {},
  note = {}
}

@INPROCEEDINGS{Kojarski07,
  author = {Kojarski, Sergei and Lorenz, David H.},
  title = {{Awesome: An Aspect Co-Weaving System for Composing Multiple Aspect-Oriented Extensions}},
  booktitle = {{Proceedings of the 22nd International Conference on Object-Oriented Programming Systems, Languages and Applications (OOPSLA'07)}},
  year = 2007,
  editor = {Gabriel, Richard P.},
  pages = {515-534},
  address = {Montr{\'e}al, Canada},
  organization = {},
  publisher = {},
  volume = {},
  number = {},
  series = {},
  month = oct,
  note = {}
}

@INPROCEEDINGS{Hachani03,
  author = {Hachani, Ouafa and Bardou, Daniel},
  title = {{On Aspect-Oriented Technology and Object-Oriented Design Pattern}},
  booktitle = {{Proceedings of the ECOOP Workshop on Analysis of Aspect-Oriented Software (AAOS'03)}},
  year = 2003,
  editor = {},
  pages = {},
  address = {Darmstadt, Germany},
  organization = {},
  publisher = {},
  volume = {},
  number = {},
  series = {},
  month = jul,
  note = {}
}

@ARTICLE{Kouskouras08,
  author = {Kouskouras, Konstantinos G. and Chatzigeorgiou, Alexander and Stephanides, George},
  title = {{Facilitating Software Extension with Design Patterns and Aspect Oriented Programming}},
  journal = {{Journal of Systems and Software}},
  year = 2008,
  volume = 81,
  number = 10,
  pages = {1725-1737},
  month = oct,
  note = {}
}

@ARTICLE{Elrad01,
  author = {Elrad, Tzilla and Filman, Robert E. and Bader, Atef},
  title = {{Aspect-Oriented Programming: Introduction}},
  journal = cacm,
  year = 2001,
  volume = 44,
  number = 10,
  pages = {29-32},
  month = oct,
  note = {}
}

@INPROCEEDINGS{Aldrich05,
  author = {Aldrich, Jonathan},
  title = {{Open Modules: Modular Reasoning about Advice}},
  booktitle = {{Proceedings of the 19th European Conference on Object-Oriented Programming (ECOOP'05)}},
  year = 2005,
  editor = {Black, Andrew P.},
  pages = {144-168},
  address = {Glasgow, Scotland},
  organization = {},
  publisher = {},
  volume = {},
  number = {},
  series = {LNCS 3586},
  month = jul,
  note = {}
}

@INPROCEEDINGS{Aldrich04,
  author = {Aldrich, Jonathan},
  title = {{Open Modules: Reconciling Extensibility and Modularity}},
  booktitle = {{Proceedings of he Workshop on Software Engineering Properties of Languages for Aspect Technologies (SPLAT'04)}},
  year = 2004,
  editor = {},
  pages = {},
  address = {},
  organization = {},
  publisher = {},
  volume = {},
  number = {},
  series = {},
  month = mar,
  note = {}
}

@INPROCEEDINGS{Khatchadourian08,
  author = {Khatchadourian, Raffi T. and Rashid, Awais},
  title = {{Rejuvenate Pointcut: A Tool for Pointcut Expression Recovery in Evolving Aspect-Oriented Software}},
  booktitle = {{Proceedings of the 8th IEEE International Working Conference on Source Code Analysis and Manipulation (SCAM'08)}},
  year = 2008,
  editor = {},
  pages = {},
  address = {Bejing, China},
  organization = {},
  publisher = {},
  volume = {},
  number = {},
  series = {},
  month = sep,
  note = {}
}

@ARTICLE{Batory92,
  author = {Batory, Don and O'Malley, Sean},
  title = {{The Design and Implementation of Hierarchical Software Systems with Reusable Components}},
  journal = {{Transactions on Software Engineering and Methodology}},
  year = 1992,
  volume = 1,
  number = 4,
  pages = {355-398},
  month = oct,
  note = {}
}

@ARTICLE{VanDenBerg07,
  author = {van den Berg, Klaas and Conejero Manzano, Jos\`e Mar{\'\i}a and Hern\'andez, Juan},
  title = {{Analysis of Crosscutting in Early Software Development Phases Based on Traceability}},
  journal = taosd,
  year = 2007,
  volume = {III},
  number = {},
  publisher = {Springer},
  pages = {73-104},
  month = nov,
  note = {}
}

@TECHREPORT{VanDenBerg05,
 author = {van den Berg, Klaas and Conejero Manzano, Jos\'e Mar{\'\i}a and Chitchyan, Ruzanna},
 title = {{AOSD Ontology 1.0 - Public Ontology of Aspect-Orientation}},
 institution = {AOSD-Europe},
 year = 2005,
 type = {AOSD-Europe-UT-01},
 number = {D9},
 address = {},
 month = may,
 note = {}
}

@INPROCEEDINGS{Hanenberg07,
 author = {Hanenberg, Stefan and Stein, Dominik and Unland, Rainer},
 title = {{From Aspect-Oriented Design to Aspect-Oriented Programs: Tool-Supported Translation of JPDDs into Code}},
 booktitle = {{Proceedings of the 6th International Conference on Aspect-Oriented Software Development (AOSD 2007)}},
 year = 2007,
 editor = {de Moor, Ooge},
 pages = {49-62},
 address = {Vancouver, BC, Canada},
 organization = {ACM},
 publisher = {},
 volume = {},
 number = {},
 series = {},
 month = mar,
 note = {}
}

@ARTICLE{Stein06b,
 author = {Stein, Dominik and Hanenberg, Stefan and Unland, Rainer},
 title = {{Join Point Designation Diagrams: A Graphical Representation of Join Point Selections}},
 journal = {{International Journal of Software Engineering and Knowledge Engineering}},
 year = 2006,
 volume = 16,
 number = 3,
 pages = {317-346},
 month = {},
 note = {}
}

@INPROCEEDINGS{Kiczales97,
 author = {Kiczales, Gregor and Lamping, John and Mendhekar, Anurag and Maeda, Chris and Videira Lopes, Cristina and Loingtier, Jean-Marc and Irwin, John},
 title = {{Aspect-Oriented Programming}},
 editor = {Ak\c{s}it, Mehmet and Matsuoka, Satoshi},
 booktitle = {11th European Conference on Object Oriented Programming (ECOOP'97)},
 number = {},
 series = {Lecture Notes in Computer Science 1241},
 year = 1997,
 address = {Helsinki, Finland},
 organization = {},
 publisher = {Springer-Verlag},
 pages = {220-242},
 month = jun,
 note = {}
}

@INPROCEEDINGS{DeMoor99,
 author = {de Moor, Oege and Peyton Jones, Simon L. and Van Wyk, Eric},
 title = {{Aspect-Oriented Compilers}},
 booktitle = {{Proceedings of the First International Symposium on Generative and Component-Based Software Engineering (GCSE'99)}},
 year = 1999,
 editor = {},
 pages = {121-133},
 address = {Erf\"urt, Germany},
 organization = {},
 publisher = {Springer},
 volume = {LNCS 1799},
 number = {},
 series = {},
 month = sep,
 note = {}
}

@ARTICLE{Cordeiro07,
 author = {Cordeiro, Eduardo S. and Bigonha, Roberto S. and Bigonha, Mariza A. S. and Tirelo, Fabio},
 title = {{Optimized Compilation of Around Advice for Aspect-Oriented Programs}},
 journal = {{Journal of Universal Computer Science}},
 year = 2007,
 volume = 13,
 number = 6,
 pages = {753-766},
 month = jun,
 note = {}
}

@INPROCEEDINGS{Constantinides04,
 author = {Constantinos Constantinides and Therapon Skotiniotis and Maximilian St{\"o}rzer},
 title = {{AOP Considered Harmful}},
 booktitle = {{Proceedings of the European Interactive Workshop on Aspects in Software (EIWAS'04)}},
 year = 2004,
 editor = {},
 pages = {},
 address = {Berlin, Germany},
 organization = {},
 publisher = {},
 volume = {},
 number = {},
 series = {},
 month = sep,
 note = {}
}

@INPROCEEDINGS{Apel06,
  author = {Apel, Sven and Batory, Don and Rosenm\"uller, Marko},
  title = {{On the Structure of Crosscutting Concerns: Using Aspects or Collaborations?}},
  booktitle = {{Proceedings of the GPCE Workshop on Aspect-Oriented Product Line Engineering (AOPLE'06)}},
  year = 2006,
  editor = {},
  pages = {},
  address = {Portland, Oregon, USA},
  organization = {},
  publisher = {},
  volume = {},
  number = {},
  series = {},
  month = oct,
  note = {}
}

@INPROCEEDINGS{Sutton02,
  author = {Sutton, Jr, Stanley M. and Rouvellou, Isabelle},
  title = {{Modeling of Software Concerns in Cosmos}},
  booktitle = {{Proceedings of the 1st International Conference on Aspect-Oriented Software Development (AOSD'02)}},
  year = 2002,
  editor = {Ossher, Harold and Gregor Kiczales},
  pages = {127-133},
  address = {Enschede, The Netherlands},
  organization = {},
  publisher = {ACM Press},
  volume = {},
  number = {},
  series = {},
  month = apr,
  note = {}
}

@ARTICLE{Aracic06,
  author = {Aracic, Ivica and Gasiunas, Vaidas and Mezini, Mira and Ostermann, Klaus},
  title = {{An Overview of CaesarJ}},
  journal = {{Transaction on Aspect-Oriented Software Development}},
  year = 2006,
  volume = 1,
  number = 1,
  pages = {135-173},
  month = mar,
  note = {}
}

@ARTICLE{Alves07,
  author = {Alves, Vander and Matos Jr, Pedro and Cole, Leonardo and Vasconcelos, Alexandre and Borba, Paulo and Ramalho, Geber},
  title = {{Extracting and Evolving Code in Product Lines with Aspect-Oriented Programming}},
  editor = {Cazzola, Walter and Chiba, Shigeru and Saake, Gunter},
  journal = {{Transaction on Aspect-Oriented Software Development}},
  year = 2007,
  volume = 2,
  number = 1,
  pages = {3-29},
  month = mar,
  note = {Special Issue on Software Evolution}
}

@ARTICLE{Kellens07,
  author = {Kellens, Andy and Mens, Kim and Tonella, Paolo},
  title = {{A Survey of Automated Code-Level Aspect Mining Techniques}},
  editor = {Cazzola, Walter and Chiba, Shigeru and Saake, Gunter},
  journal = {{Transaction on Aspect-Oriented Software Development}},
  year = 2007,
  volume = 2,
  number = 1,
  pages = {31-50},
  month = mar,
  note = {Special Issue on Software Evolution}
}

@ARTICLE{Liu07,
  author = {Liu, Chunjian Robin and Gibbs, Celina and Coady, Yvonne},
  title = {{Safe and Sound Evolution with SONAR: Sustainable Optimization and Navigation with Aspects for System-Wide Reconciliation}},
  editor = {Cazzola, Walter and Chiba, Shigeru and Saake, Gunter},
  journal = {{Transaction on Aspect-Oriented Software Development}},
  year = 2007,
  volume = 2,
  number = 1,
  pages = {51-80},
  month = mar,
  note = {Special Issue on Software Evolution}
}

@INPROCEEDINGS{Marin05,
  author = {Marin, Marius and Moonen, Leon and van Deursen, Arie},
  title = {{A Classification of Crosscutting Concerns}},
  booktitle = {{Proceedings of the 21st IEEE International Conference on Software Maintenance (ICSM'05)}},
  year = 2005,
  editor = {},
  pages = {673-676},
  address = {Budapest, Hungary},
  organization = {},
  publisher = {IEEE Computer Society},
  volume = {},
  number = {},
  series = {},
  month = sep,
  note = {}
}

@INPROCEEDINGS{Baniassad02,
  author = {Baniassad, Elisa L. A. and Murphy, Gail C. and Schwanninger, Christa and Kircher, Michael},
  title = {{Managing Crosscutting Concerns During Software Evolution Tasks: An Inquisitive Study}},
  booktitle = {{Proceedings of the 1st Int'l Conf. on Aspect-Oriented Software Development (AOSD'02)}},
  year = 2002,
  editor = {},
  pages = {120-126},
  address = {Enschede, The Netherlands},
  organization = {},
  publisher = {},
  volume = {},
  number = {},
  series = {},
  month = apr,
  note = {}
}

@INPROCEEDINGS{Benn05,
  author = {Benn, Jonathan and Constantinides, Constantinos and Padda, Harkirat K. and Pedersen, Knut H. and Rious, Fr\'ed\'eric and Ye, Xiaowen},
  title = {{Reasoning on Software Quality Improvement with Aspect-Oriented Refactoring: A Case Study}},
  booktitle = {{Proceedings of the 9th IASTED International Conference on Software Engineering and Applications}},
  year = 2005,
  editor = {Tsai, Wei-Tek and Hamza, M. H.},
  pages = {309-315},
  address = {Phoenix, Arizona, USA},
  organization = {},
  publisher = {},
  volume = {},
  number = {},
  series = {},
  month = nov,
  note = {}
}

@INPROCEEDINGS{Rho06,
  author = {Rho, Thobias and Kniesel, G{\"u}nter and Appeltauer, Malte},
  title = {{Fine-Grained Generic Aspects}},
  booktitle = {{Proceedings of the 5th Workshop on Foundations of Aspect-Oriented Languages (FOAL'06)}},
  year = 2006,
  editor = {Gary Leavens and Curtis Clifton and Ralf L{\"a}mmel and Mira Mezini},
  pages = {},
  address = {Bonn, Germany},
  organization = {},
  publisher = {},
  volume = {},
  number = {},
  series = {},
  month = mar,
  note = {}
}

@INPROCEEDINGS{Kniesel02,
  author = {Kniesel, G{\"u}nter and Austermann, Michael},
  title = {{CC4J - Code Coverage for Java}},
  booktitle = {{Proceedings of the IFIP/ACM Working Conference on Component Deployment (CD 2002)}},
  year = 2002,
  editor = {},
  pages = {155-169},
  address = {Berlin, Germany},
  organization = {},
  publisher = {Springer},
  volume = {},
  number = {},
  series = {LNCS 2370},
  month = jun,
  note = {}
}

@INPROCEEDINGS{Kojarski05,
 title = {{Pluggable AOP: Designing Aspect Mechanisms for Third-Party Composition}},
 author = {Sergei Kojarski and Lorenz, David H.},
 year = 2005,
 pages = {247-263},
 booktitle = {{Proceedings of the 20th Annual Conference on Object-Oriented Programming Systems, Languages, and Applications (\oopsla'05)}},
 publisher = {{ACM Press}},
 month = oct,
 editor = {Johnson, Ralph and Gabriel, Richard P.}
}

@INPROCEEDINGS{Kojarski06,
  author = {Kojarski, Sergei and Lorenz, David H.},
  title = {{Modeling Aspect Mechanisms: A Top-Down Approach}},
  booktitle = {{Proceedings of the 28$^{th}$ International Conference on Software Engineering (ICSE'06)}},
  year = 2006,
  editor = {},
  pages = {212-221},
  address = {Shanghai, China},
  organization = {},
  publisher = {{IEEE Computer Society}},
  volume = {},
  number = {},
  series = {},
  month = may,
  note = {}
}

@INPROCEEDINGS{Kiczales05,
  author = {Kiczales, Gregor and Mira Mezini},
  title = {{Aspect-Oriented Programming and Modular Reasoning}},
  booktitle = {{Proceedings of the 27$^{th}$ International Conference on Software Engineering (ICSE'05)}},
  year = 2005,
  editor = {Gruia-Catalin Roman and Griswold, William G. and Bashar Nuseibeh},
  pages = {49-58},
  address = {St. Louis, Missouri, USA},
  organization = {},
  publisher = {{IEEE Computer Society}},
  volume = {},
  number = {},
  series = {},
  month = may,
  note = {}
}

@INPROCEEDINGS{Nagy05,
author = {Istv{\'a}n Nagy and Lodewijk Bergmans and Wilke Havinga and Mehmet Ak\c{s}it},
title = {{Utilizing Design Information in Aspect-Oriented Programming}},
booktitle = {{Proceedings of 4th Annual International Conference on Object-Oriented and Internet-based Technologies, Concepts, and Applications for a Networked World (Net.ObjectDays)}},
year = 2005,
editor = {Robert Hirschfeld and Ryszard Kowalczyk and Andreas Polze and Mathias Weske},
pages = {39-60},
address = {Erfurt, Germany},
organization = {},
publisher = {},
volume = {},
number = {},
series = {LNI 61},
month = sep,
note = {}
}


@INPROCEEDINGS{Ubayashi05,
  author = {Ubayashi, Naoyasu and Moriyama, Genki and Masuhara, Hidehiko and Tamai, Tetsuo},
  title = {{A Parameterized Interpreter for Modeling Different AOP Mechanisms}},
  booktitle = {{Proceedings of the 20th IEEE/ACM international Conference on Automated Software Engineering (ASE'05)}},
  year = 2005,
  editor = {Redmiles, David F. and Ellman, Tom and Zisman, Andrea},
  pages = {194-203},
  address = {Long Beach, CA, USA},
  organization = {},
  publisher = {ACM Press},
  volume = {},
  number = {},
  series = {},
  month = {},
  note = {}
}

@INPROCEEDINGS{DeVolder98,
  author = {De Volder, Kris},
  title = {{Aspect-Oriented Logic Meta Programming}},
  booktitle = {{Proceedings of the ECOOP'98 Workshop on Aspect-Oriented Programming}},
  year = 1998,
  editor = {},
  pages = {414-417},
  address = {Brussels, Belgium},
  organization = {},
  publisher = {Springer},
  volume = {},
  number = {},
  series = {LNCS 1543},
  month = jul,
  note = {}
}

@BOOK{Jacobson04,
  author = {Jacobson, Ivar and Ng, Pan-Wei},
  title = {{Aspect-Oriented Software Development with Use Cases}},
  publisher = {Addison-Wesley},
  year = 2004,
  address = {Reading, Ma, USA},
  edition = {},
  month = dec,
  note = {}
}

@INPROCEEDINGS{Griswold99,
  author = {Griswold, William G. and Kato, Yoshikiyo and Yuan, Jimmy J.},
  title = {{Aspect Browser: Tool Support for Managing Dispersed Aspects}},
  booktitle = {{Proceedins of the 1st Workshop on Multi-Dimensional Separation of Concerns in Object-Oriented Systems}},
  year = 1999,
  editor = {},
  pages = {},
  address = {Denver, CO, USA},
  organization = {},
  publisher = {},
  volume = {},
  number = {},
  series = {},
  month = oct,
  note = {}
}

@INPROCEEDINGS{Han05,
  author = {Han, Yan and Kniesel, G{\"u}nter and Cremers, Armin B.},
  title = {{Towards Visual AspectJ by a Meta Model and Modeling Notation}},
  booktitle = {Proceedings of the of the 6th International Workshop on Aspect-Oriented Modeling (AOM'05)},
  year = 2005,
  editor = {},
  pages = {},
  address = {Chicago, Illinois, USA},
  organization = {},
  publisher = {},
  volume = {},
  number = {},
  series = {},
  month = mar,
  note = {}
}

@INPROCEEDINGS{Assmann99,
  author = {A{\ss}mann, Uwe and Ludwig, Andreas},
  title = {{Aspect Weaving by Graph Rewriting}},
  booktitle = {Proceedings of the 1st International Symposium on Generative and Component-Based Software Engineering (GCSE'05)},
  year = 1999,
  editor = {Czarnecki, Krzysztof and Eisenecker, Ulrich W.},
  pages = {},
  address = {Erfurt, Germany},
  organization = {},
  publisher = {},
  volume = {},
  number = {},
  series = {LNCS 1799},
  month = sep,
  note = {}
}


@INPROCEEDINGS{Ceccato05a,
  author = {Ceccato, Mariano and Marin, Marius and Mens, Kim and Moonen, Lwon and Tonella, Paolo and Tourw\'e, Tom},
  title = {{A Qualitative Analysis of Three Aspect Mining Techniques}},
  booktitle = {Proceedings of the International Workshop on Program Comprehension (IWPC'05)},
  month = may,
  address = {St. Louis, Missouri, USA},
  publisher = {IEEE Computer Society Press},
  year = 2005
}

@INPROCEEDINGS{Bruntink05,
  author = {Bruntink, Magiel and van Deursen, Arie and Tourw\'{e}, Tom},
  title = {{Isolating Idiomatic Crosscutting Concerns}},
  booktitle = {Proceedings of the 21st International Conference on Software Maintenance (ICSM'05)},
  publisher = {IEEE Computer Society},
  address = {Budapest, Hungary},
  month = sep,
  year = 2005
}

@INPROCEEDINGS{Tourwe04b,
  author = {Tourw\'e, Tom and Mens, Kim},
  title = {{Mining Aspectual Views using Formal Concept Analysis}},
  booktitle = {Proceedings of the 4th International Workshop on Source Code Analysis and Manipulation (SCAM'04)},
  month = sep,
  address = {Chicago, Illinois, USA},
  pages = {97-106},
  publisher = {IEEE Computer Society},
  year = 2004
}

@INPROCEEDINGS{Robbes04,
  author = {Romain Robbes and Bouraqadi-Sa\^{a}dani, Noury M. and Serge Stinckwich},
  title = {{An Aspect-Based Multi-Agent System}},
  booktitle = {Research Track of the ESUG 2004 Smalltalk Conference},
  address = {K\"othen (Anhalt), Germany},
  month = sep,
  year = 2004
}

@INPROCEEDINGS{Ceccato05b,
  author = {Dave Binkley and Mariano Ceccato and Mark Harman and Filippo Ricca and Paolo Tonella},
  title = {{Automated Refactoring of Object Oriented Code into Aspects}},
  booktitle = {Proceedings of the 21st International Conference on Software Maintenance (ICSM'05)},
  address = {Budapest, Hungary},
  month = sep,
  publisher = {IEEE Computer Society},
  year = 2005
}

@ARTICLE{Eichberg05,
  author = {Eichberg, Michael},
  title = {{Component-Based Software Development with Aspect-Oriented Programming}},
  journal = {Journal of Object Technology},
  year = 2005,
  volume = 4,
  number = 3,
  pages = {21-26},
  month = apr,
  note = {}
}

@INPROCEEDINGS{Eichberg04b,
  author = {Eichberg, Michael and Mezini, Mira},
  title = {{Alice: Modularization of Middleware Using Aspect-Oriented Programming}},
  booktitle = {Proceedings of the 4th International Workshop on Software Engineering and Middleware (SEM04)},
  year = 2004,
  editor = {Gschwind, Thomas and Mascolo, Cecilia},
  pages = {47-63},
  address = {Linz, Austria},
  organization = {},
  publisher = {Springer},
  volume = {},
  number = {},
  series = {LNCS 3437},
  month = sep,
  note = {}
}

@INPROCEEDINGS{Ostermann05,
  author = {Ostermann, Klaus and Mezini, Mira and Bockisch, Christoph},
  title = {{Expressive Pointcuts for Increased Modularity}},
  booktitle = {Proceedings of the 19th European Conference on Object-Oriented Programming (ECOOP'05)},
  year = 2005,
  editor = {Black, Andrew P.},
  pages = {214-240},
  address = {Glasgow, Scotland},
  organization = {},
  publisher = {Springer},
  volume = {},
  number = {},
  series = {LNCS 3586},
  month = jul,
  note = {}
}

@TECHREPORT{Avgustinov04,
  author = {Avgustinov, Pavel and Christensen, Aske Simon and Hendren, Laurie and Kuzins, Sascha and Lhot\'ak, Ond\v{r}ej and de Moor, Oege and Sereni, Damien and Sittampalam, Ganesh and Tibble, Julian},
  title = {{abc: An Extensible AspectJ Compiler}},
  institution = {The abc Group},
  year = 2004,
  type = {abc Technical Report},
  number = {abc-2004-1},
  address = {},
  month = sep,
  note = {}
}

@INPROCEEDINGS{Allan05b,
  author = {Allan, Chris and Avgustinov, Pavel and Christensen, Aske Simon and Hendren, Laurie and Kuzins, Sascha and Lhot\'ak, Ond\v{r}ej and de Moor, Oege and Sereni, Damien and Sittampalam, Ganesh and Tibble, Julian},
  title = {{Adding Trace Matching with Free Variables to AspectJ}},
  booktitle = {Proceedings of the 20th Annual ACM Conference on Object-Oriented Programming, Systems, Languages, and Applications (OOPSLA'05)},
  year = 2005,
  editor = {Gabriel, Richard P. and Noble, James and Manck, Brian},
  pages = {345-364},
  address = {San Diego, CA, USA},
  organization = {},
  publisher = {},
  volume = {},
  number = {},
  series = {},
  month = oct,
  note = {}
}

@TECHREPORT{Allan05,
  author = {Allan, Chris and Avgustinov, Pavel and Christensen, Aske Simon and Hendren, Laurie and Kuzins, Sascha and Lhot\'ak, Ond\v{r}ej and de Moor, Oege and Sereni, Damien and Sittampalam, Ganesh and Tibble, Julian},
  title = {{Adding Trace Matching to AspectJ}},
  institution = {The abc Group},
  year = 2005,
  type = {abc Technical Report},
  number = {abc-2005-1},
  address = {},
  month = mar,
  note = {}
}

@MISC{Kiczales03,
   author = {Gregor Kiczales},
   title = {{The Fun Has Just Begun}},
   howpublished = {Keynote AOSD 2003, Boston},
   month = mar,
   year = 2003,
   pages = {},
   note = {}
}

@INPROCEEDINGS{Klein05,
  author = {Klein, Jacques and J\'ez\'equel, Jean-Marc and Plouzeau, No\"{e}l},
  title = {{Weaving Behavioural Models}},
  booktitle = {Proceedings of the 1st ECOOP Workshop on Models and Aspects (MA'05)},
  year = 2005,
  editor = {},
  pages = {},
  address = {Glasgow, Scotland},
  organization = {},
  publisher = {},
  volume = {},
  number = {},
  series = {in 19th European Conference on Object-Oriented Programming (ECOOP'05)},
  month = jul,
  note = {}
}

@INPROCEEDINGS{MohdAli05,
 author = {Mohd Ali, Noorazean and Rashid, Awais},
 title = {{A State-based Join Point Model for AOP}},
 editor = {},
 booktitle = {Proceedings of the 1st ECOOP Workshop on Views, Aspects and Role (VAR'05)},
 number = {},
 series = {in 19th European Conference on Object-Oriented Programming (ECOOP'05)},
 year = 2005,
 address = {Glasgow, Scotland},
 organization = {},
 publisher = {},
 pages = {},
 month = jul,
 note = {}
}

@INPROCEEDINGS{Nishizawa04,
 author = {Nishizawa, Muga and Chiba, Shigeru and Tatsubori, Michiaki},
 title = {{Remote Pointcut: a Language Construct for Distributed AOP}},
 editor = {},
 booktitle = {Proceedings of the 3rd Int'l Conf. on Aspect-Oriented Software Development (AOSD'04)},
 number = {},
 series = {},
 year = 2004,
 address = {Lancaster, UK},
 organization = {},
 publisher = {ACM Press},
 pages = {7-15},
 month = mar,
 note = {}
}

@INPROCEEDINGS{Koppen04,
 author = {Koppen, Christian and St\"{o}rzer, Maximilian},
 title = {{PCDiff: Attacking the Fragile Pointcut Problem}},
 editor = {},
 booktitle = {Proceedings of the European Interactive Workshop on Aspects in Software (EIWAS'04)},
 number = {},
 series = {},
 year = 2004,
 address = {Berlin, Germany},
 organization = {},
 publisher = {},
 pages = {},
 month = sep,
 note = {}
}

@INPROCEEDINGS{Bockisch04,
 author = {Bockisch, Christoph and Eichberg, Michael and Mezini, Mira and Ostermann, Klaus},
 title = {{Virtual Machine Support for Dynamic Join Points}},
 editor = {},
 booktitle = {Proceedings of the 3rd Int'l Conf. on Aspect-Oriented Software Development (AOSD'04)},
 number = {},
 series = {},
 year = 2004,
 address = {Lancaster, UK},
 organization = {83-92},
 publisher = {ACM Press},
 pages = {},
 month = mar,
 note = {}
}

@INPROCEEDINGS{Eichberg04,
 author = {Eichberg, Michael and Mezini, Mira and Ostermann, Klaus},
 title = {{Pointcuts as Functional Queries}},
 editor = {},
 booktitle = {Proceedings of the 2nd ASIAN Symposium on Programming Languages and Systems (APLAS 2004)},
 number = {},
 series = {LNCS},
 year = 2004,
 address = {Taipei, Taiwan},
 organization = {},
 publisher = {Springer},
 pages = {},
 month = nov,
 note = {}
}

@INPROCEEDINGS{Lopes94,
 author = {Videira Lopes, Cristina and Lieberherr, Karl J.},
 title = {{Abstracting Process-to-Function Relation in Concurrent Object-Oriented Application}},
 editor = {},
 booktitle = {Proceedings of the 8th European Conference on Object-Oriented Programming (ECOOP'94)},
 number = {},
 series = {LNCS 821},
 year = 1994,
 address = {},
 organization = {},
 publisher = {Springer},
 pages = {81-99},
 month = dec,
 note = {}
}

@INPROCEEDINGS{Lopes03,
 author = {Videira Lopes, Cristina and Paul Dourish and Lorenz, David H. and Karl Lieberherr},
 title = {{Beyond AOP: Toward Naturalistic Programming}},
 editor = {},
 booktitle = {Proceedings of the 18th Annual ACM Conference on Object-Oriented Programming, Systems, Languages, and Applications (OOPSLA'03)},
 number = {},
 series = {},
 year = 2003,
 address = {Anaheim, USA},
 organization = {},
 publisher = {ACM Press},
 pages = {34-43},
 month = dec,
 note = {}
}

@INPROCEEDINGS{Filman00,
 author = {Filman, Robert E. and Friedman, Daniel P.},
 title = {{Aspect-Oriented Programming is Quantification and Obliviousness}},
 editor = {},
 booktitle = {Proceedings of OOPSLA 2000 Workshop on Advanced Separation of Concerns},
 number = {},
 series = {},
 year = 2000,
 address = {Minneapolis, USA},
 organization = {},
 publisher = {},
 pages = {},
 month = oct,
 note = {}
}

@INPROCEEDINGS{Kojarski03,
 author = {Kojarski, Sergei and Lorenz, David H.},
 title = {{Unplugging Components Using Aspects}},
 editor = {Jan Bosch and Clemens Szyperski and Wolfgang Weck},
 booktitle = {Proceedings of ECOOP 2003 Eighth International Workshop on Component-Oriented Programming},
 number = {},
 series = {},
 year = 2003,
 address = {Darmstadt, Germany},
 organization = {},
 publisher = {},
 pages = {},
 month = jul,
 note = {}
}

@ARTICLE{Jacobson03a,
 author = {Ivar Jacobson},
 title = {{Use Cases and Aspects-Working Seamlessly Together}},
 journal = {Journal of Object Technology},
 volume = 2,
 number = 4,
 pages = {7-28},
 YEAR = 2003,
 month = jul # "-" # aug
}

@ARTICLE{Jacobson03b,
 author = {Ivar Jacobson},
 title = {{The Case for Aspects}},
 journal = {Software Development},
 volume = {},
 number = {},
 pages = {32-37},
 YEAR = 2003,
 month = sep
}

@ARTICLE{Laddad03a,
 author = {Ramnivas Laddad},
 title = {{Aspect-Oriented Refactoring Series: Overview and Process}},
 journal = {TheServerSide.com},
 volume = {},
 number = {},
 pages = {},
 note = {Available at \url{http://www.theserverside.com/articles/article.tss?l=AspectOrientedRefactoringPart1}},
 year = 2003,
 month = dec
}

@ARTICLE{Laddad03b,
 author = {Ramnivas Laddad},
 title = {{Aspect-Oriented Refactoring Series: The Techniques of the Trade}},
 journal = {TheServerSide.com},
 volume = {},
 number = {},
 pages = {},
 note = {Available at \url{http://www.theserverside.com/articles/article.tss?l=AspectOrientedRefactoringPart3}},
 year = 2003,
 month = dec
}

@ARTICLE{Laddad02a,
 author = {Ramnivas Laddad},
 title = {{I Want My AOP!, Part 1}},
 journal = {Java World},
 volume = {},
 number = {},
 pages = {},
 year = 2002,
 month = jan
}

@ARTICLE{Laddad02c,
 author = {Ramnivas Laddad},
 title = {{I Want My AOP!, Part 3}},
 journal = {Java World},
 volume = {},
 number = {},
 pages = {},
 YEAR = 2002,
 month = apr
}

@ARTICLE{Laddad02b,
 author = {Ramnivas Laddad},
 title = {{I Want My AOP!, Part 2}},
 journal = {Java World},
 volume = {},
 number = {},
 pages = {},
 YEAR = 2002,
 month = mar
}

@INPROCEEDINGS{Rajan03,
 author = {Hridesh Rajan and Kevin Sullivan},
 title = {{Eos: Instance-Level Aspects for Integrated System Design}},
 booktitle = {Proceedings of the 9th European Software Engineering Conference (ESEC'03)},
 year = 2003,
 pages = {297--306},
 address = {Helsinki, Finland},
 publisher = {ACM Press}
 }

@ARTICLE{Lieberherr01,
 author = {Karl Lieberherr and Doug Orleans and Johan Ovlinger},
 title = {{Aspect-Oriented Programming with Adaptive Methods}},
 journal = cacm,
 year = 2001,
 volume = 44,
 number = 10,
 pages = {39-41},
 month = oct,
 note = {}
}

@ARTICLE{Ossher01b,
 author = {Ossher, Harold and Tarr, Peri},
 title = {{Using Multidimensional Separation of Concerns to (Re)Shape Evolving Software}},
 journal = cacm,
 year = 2001,
 volume = 44,
 number = 10,
 pages = {43-50},
 month = oct,
 note = {}
}

@ARTICLE{Bergmans01,
 author = {Bergmans, Lodewijk and Ak\c{s}it, Mehmet},
 title = {{Composing Crosscutting Concerns Using Composition Filters}},
 journal = cacm,
 year = 2001,
 volume = 44,
 number = 10,
 pages = {51-57},
 month = oct,
 note = {}
}

@ARTICLE{Elrad01b,
 author = {Elrad, Tzilla and Ak\c{s}it, Mehmet and Kiczales, Gregor and Lieberherr, Karl and Ossher, Harold},
 title = {{Discussing Aspects of AOP}},
 journal = cacm,
 year = 2001,
 volume = 44,
 number = 10,
 pages = {33-38},
 month = oct,
 note = {}
}

@INPROCEEDINGS{Araujo04,
 author = {Ara\'ujo, Jo\~{a}o and Whittle, Jon and Kim, Dae-Kyoo},
 title = {{Modeling and Composing Scenario-Based Requirements with Aspects}},
 booktitle = {Proceedings of the 12th IEEE International Conference on Requirements Engineering (RE'04)},
 year = 2004,
 editor = {},
 pages = {58-67},
 address = {Kyoto, Japan},
 organization = {},
 publisher = {IEEE Computer Society},
 volume = {},
 number = {},
 series = {},
 month = sep,
 note = {}
}

@INPROCEEDINGS{Georg03,
 author = {Georg, Geri and France, Robert B. and Ray, Indrakshi},
 title = {Composing Aspect Models},
 booktitle = {Proceedings of the 4th AOSD Modeling with UML Workshop},
 year = 2003,
 editor = {Aldawud, Omar and Kand\'e, Mohamed and Booch, Grady and Harrison, Bill and Stein, Dominik and Gray, Jeff and Clarke, Siobh\'an and Santeon, Aida Zakaria and Tarr, Peri and Akkawi, Faisal},
 pages = {},
 address = {San Francisco, CA},
 organization = {},
 publisher = {},
 volume = {},
 number = {},
 series = {},
 month = oct,
 note = {}
}

@BOOK{Filman04,
  editor = {Filman, Robert E. and Tzilla Elrad and Siobh\'an Clarke and Mehmet Ak\c{s}it},
  title = {{Aspect-Oriented Software Development}},
  publisher = {Addison-Wesley},
  year = 2004,
  address = {Reading, MA, USA},
  edition = {},
  volume = {},
  number = {},
  series = {},
  month = {},
  note = {}
}

@INCOLLECTION{Clarke05,
 author = {Clarke, Siobh\'an and Walker, Robert J.},
 title = {{Generic Aspect-Oriented Design with Theme/UML}},
 booktitle = {Aspect-Oriented Software Development},
 publisher = {Addison-Wesley},
 year = 2004,
 chapter = 19,
 pages = {425-458},
 editor = {Filman, Robert E. and Elrad, Tzilla and Clarke, Siobh\'an and Ak{\c s}it, Mehmet},
 type = {},
 edition = {},
 month = oct,
 note = {}
}

@INCOLLECTION{Gray05,
 author = {Gray, Jeff and Sztipanovits, Janos and Schmidt, Douglas C. and Bapty, Ted and Neema, Sandeep and Gokhale, Aniruddha},
 title = {{Two-Level Aspect Weaving to Support Evolution in Model-Driven Synthesis}},
 booktitle = {Aspect-Oriented Software Development},
 publisher = {Addison-Wesley},
 year = 2004,
 chapter = 30,
 pages = {681-709},
 editor = {Filman, Robert E. and Elrad, Tzilla and Clarke, Siobh\`an and Ak{\c s}it, Mehmet},
 type = {},
 edition = {},
 month = oct,
 note = {}
}

@INCOLLECTION{Kniesel04,
   author = {G\"unter Kniesel and Pascal Costanza and Michael Austermann},
   title = {{JMangler - A Powerful Back-End for Aspect-Oriented Programming}},
   editor = {Robert Filman and Tzilla Elrad and Siobh\'an Clarke and Mehmet Ak\c{s}it},
   booktitle = {{Aspect-oriented Software Development}},
   volume = {},
   series = {},
   publisher = {Prentice Hall},
   address = {},
   edition = {},
   month = {},
   year = 2004,
   type = {},
   chapter = 9,
   pages = {},
   note = {}
}

@TECHREPORT{Harrison02,
 author = {William Harrison and Harold Ossher and Peri Tarr},
 title = {{Asymmetrically vs. Symmetrically Organized Paradigms for Software Composition}},
 institution = {IBM},
 type = {{Technical Report}},
 number = {RC22685 (W0212-147)},
 address = {},
 year = 2002,
 month = dec,
 note = {}
}

@TECHREPORT{Douence01,
 author = {R\'emi Douence and Olivier Motelet and  Mario S\"udholt},
 title = {{A Formal Definition of Crosscuts}},
 institution = {\'Ecole des Mines de Nantes},
 type = {{Technical Report}},
 number = {TR 01/3/INFO},
 address = {},
 year = 2001,
 month = {},
 note = {}
}

@TECHREPORT{Douence02,
 author = {R\'emi Douence and Mario S\"udholt},
 title = {{A Model and a Tool for Event-Based Aspect-Oriented Programming (EAOP)}},
 institution = {\'Ecole des Mines de Nantes},
 type = {{Technical Report}},
 number = {TR 02/11/INFO},
 address = {},
 year = 2002,
 month = nov,
 note = {}
}

@INPROCEEDINGS{Orleans01,
 author = {Doug Orleans and Karl Lieberherr},
 title = {{DJ: Dynamic Adaptive Programming in Java}},
 editor = {Akinori Yonezawa and Satoshi Matsuoka},
 booktitle = {Proceedings of the Third International Conference on Metalevel Architectures and Separation of Crosscutting Concerns (Reflection 2001)},
 number = {},
 series = {LNCS 2192},
 year = 2001,
 address = {Kyoto, Japan},
 organization = {},
 publisher = {Springer},
 pages = {73-80},
 month = sep,
 note = {}
}

@INPROCEEDINGS{Masuhara02,
 author = {Hidehiko Masuhara and Gregor Kiczales and Chris Dutchyn},
 title = {{Compilation Semantics of Aspect-Oriented Programs}},
 editor = {Leavens, Gary T. and Cytron, Ron},
 booktitle = {{Proceedings of the 1st Workshop on Foundations of Aspect-Oriented Languages (FOAL'02)}},
 number = {},
 series = {},
 year = 2002,
 address = {},
 organization = {},
 publisher = {Iowa State University},
 pages = {17-25},
 month = apr,
 note = {}
}

@INPROCEEDINGS{Masuhara03c,
 author = {Hidehiko Masuhara and Gregor Kiczales and Christopher Dutchyn},
 title = {{A Compilation and Optimization Model for Aspect-Oriented Programs}},
 booktitle = {{Proceedings of 12th International Conference on Compiler Construction (CC'03)}},
 year = 2003,
 editor = {Hedin, G{\"o}rel},
 pages = {46-60},
 address = {Warsaw, Poland},
 organization = {},
 publisher = {Springer},
 volume = {},
 number = {},
 series = {LNCS 2622},
 month = apr,
 note = {}
}

@INPROCEEDINGS{Wand02,
 author = {Mitchell Wand and Gregor Kiczales and Christopher Dutchyn},
 title = {{A Semantics for Advice and Dynamic Join Points in Aspect-Oriented Programming}},
 editor = {Leavens, Gary T. and Cytron, Ron},
 booktitle = {{Proceedings of the 1st Workshop on Foundations of Aspect-Oriented Languages (FOAL'02)}},
 number = {},
 series = {},
 year = 2002,
 address = {},
 organization = {},
 publisher = {Iowa State University},
 pages = {1-8},
 month = apr,
 note = {}
}

@INPROCEEDINGS{Kellens06,
 author = {Kellens, Andy and Gybels, Kris and Brichau, Johan and Mens, Kim},
 title = {{A Model-driven Pointcut Language for More Robust Pointcuts}},
 editor = {},
 booktitle = {Proceedings of Software engineering Properties of Languages for Aspect Technologies (SPLAT'06)},
 number = {},
 series = {},
 year = 2006,
 address = {Bonn, Germany},
 organization = {},
 publisher = {},
 pages = {},
 month = mar,
 note = {}
}

@INPROCEEDINGS{Noguera06,
 author = {Noguera, Carlos and Pauwlak, Renaud},
 title = {{Open Static Pointcuts Through Source Code Templates}},
 editor = {},
 booktitle = {Proceedings of Open and Dynamic Aspect Languages Workshop (ODAL'06)},
 number = {},
 series = {},
 year = 2006,
 address = {Bonn, Germany},
 organization = {},
 publisher = {},
 pages = {},
 month = mar,
 note = {}
}

@INPROCEEDINGS{Tourwe04,
 author = {Tom Tourw\'e and Andy Kellens and Wim Vanderperren and Frederik Vannieuwenhuyse},
 title = {{Inductively Generated Pointcuts to Support Refactoring to Aspects}},
 editor = {},
 booktitle = {Proceedings of Software engineering Properties of Languages for Aspect Technologies (SPLAT'04)},
 number = {},
 series = {},
 year = 2004,
 address = {Lancaster, UK},
 organization = {},
 publisher = {},
 pages = {},
 month = mar,
 note = {}
}

@INPROCEEDINGS{Aussmann03,
  author = {Au{\ss}mann, Swen and Haupt, Michael},
  title = {{Axon - Dynamic AOP through Runtime Inspection and Monitoring}},
  booktitle = {{Proceedings of the 1st ECOOP Workshop on Advancing the State-of-the-Art in Run-Time Inspection (ASARTI'03)}},
  year = 2003,
  editor = {Filman, Robert and Mehner, Katharina and Haupt, Michael},
  pages = {},
  address = {Darmstadt, Germany},
  organization = {},
  publisher = {},
  volume = {},
  number = {},
  series = {},
  month = jul,
  note = {}
}

@INPROCEEDINGS{Gilani04,
  author = {Wasif Gilani and Olaf Spinczyk},
  title = {{A Family of Aspect Dynamic Weavers}},
  editor = {Robert Filman and Michael Haupt and Katharina Mehner and Mira Mezini},
  booktitle = {Proceedings of the 1st AOSD Workshop on Dynamic Aspect Weaving (DAW'04)},
  number = {},
  series = {},
  year = 2004,
  address = {Lancaster, England},
  organization = {},
  publisher = {},
  pages = {64-75},
  month = mar,
  note = {}
}

@INPROCEEDINGS{Coady01,
 author = {Coady, Yvonne and Kiczales, Gregor and Feeley, Mike and Smolyn, Greg},
 title = {{Using AspectC to Improve the Modularity of Path-Specific Customization in Operating System Code}},
 booktitle = {{Proceedings of the Joint European Software Engineering Conference (ESEC) and 9th ACM SIGSOFT International Symposium on the Foundations of Software Engineering (FSE-9)}},
 year = 2001,
 editor = {},
 pages = {88-98},
 address = {Vienna, Austria},
 organization = {},
 publisher = {ACM Press},
 volume = {},
 number = {},
 series = {},
 month = sep,
 note = {}
}

@INPROCEEDINGS{Bollert99,
  author = {Kai B{\"o}llert},
  title = {{On Weaving Aspects}},
  booktitle = {{Proceedings of the ECOOP Workshop on Aspect Oriented Programming}},
  year = 1999,
  editor = {},
  pages = {},
  address = {Lisbon, Portugal},
  organization = {},
  publisher = {},
  volume = {},
  number = {},
  series = {},
  month = jun,
  note = {}
}

@ARTICLE{Piveta03,
  author = {Piveta, Eduardo Kessler and Zancanella, Luiz Carlos},
  title = {{Aspect Weaving Strategies}},
  journal = {Journal of Universal Computer Science},
  year = 2003,
  volume = 9,
  number = 8,
  pages = {970-983},
  month = aug,
  note = {}
}

@INPROCEEDINGS{Zhao08,
  author = {Zhao, Jianjun},
  title = {{Maintenance Support for Aspect-Oriented Programming: Opportunities and Challenges}},
  booktitle = {{Proceedings of the 24th International Conference on Software Maintenance (ICSM'08)}},
  year = 2008,
  editor = {Mei, Hong and Wong, Kenny},
  pages = {482--483},
  address = {Beijing, China},
  organization = {},
  publisher = {IEEE},
  volume = {},
  number = {},
  series = {},
  month = sep,
  note = {}
}

@INPROCEEDINGS{Zhao02,
 author = {Zhao, Jianjun},
 title = {{Change Impact Analysis for Aspect-Oriented Software Evolution}},
 editor = {},
 booktitle = {Proceedings of 5th International Workshop on Principles of Software Evolution (IWPSE'2002)},
 number = {},
 series = {},
 year = 2002,
 address = {Orlando, Florida, USA},
 organization = {},
 publisher = {ACM Press},
 pages = {107-112},
 month = may,
 note = {}
}

@INPROCEEDINGS{Zhao03,
 author = {Zhao, Jianjun and Rinard, Martin},
 title = {{Pipa: A Behavioral Interface Specification Language for AspectJ}},
 editor = {},
 booktitle = {Proceedings of Fundamental Approaches to Software Engineering (FASE'2003)},
 number = {},
 series = {LNCS 2621},
 year = 2003,
 address = {Warsaw, Poland},
 organization = {},
 publisher = {Springer},
 pages = {150-165},
 month = apr,
 note = {}
}

@INPROCEEDINGS{Douence04,
  author = {Douence, R\'emi and Fradet, Pascal and S\"udholt, Mario},
  title = {{Composition, Reuse and Interaction Analysis of Stateful Aspects}},
  booktitle = {Proceedings of the 3rd Int'l Conf. on Aspect-Oriented Software Development (AOSD'04)},
  year = 2004,
  editor = {Murphy, Gail and Lieberherr, Karl},
  pages = {141-150},
  address = {Lancaster, UK},
  organization = {},
  publisher = {ACM Press},
  volume = {},
  number = {},
  series = {},
  month = mar,
  note = {}
}

@ARTICLE{Cottenier07,
  author = {Cottenier, Thomas and van den Berg, Aswin and Elrad, Tzilla},
  title = {{Motorola WEAVR: Aspect Orientation and Model-Driven Engineering}},
  journal = {{Journal of Object Technology}},
  year = 2007,
  volume = 6,
  number = 7,
  pages = {51-88},
  month = aug,
  note = {}
}

@INPROCEEDINGS{Pawlak01,
 author = {Renaud Pawlak and Lionel Seinturier and Laurence Duchien and Gerard Florin},
 title = {{JAC: A Flexible Solution for Aspect-Oriented Programming in Java}},
 editor = {Akinori Yonezawa and Satoshi Matsuoka},
 booktitle = {Proceedings of the Third International Conference on Metalevel Architectures and Separation of Crosscutting Concerns (Reflection 2001)},
 number = {},
 series = {LNCS 2192},
 year = 2001,
 address = {Kyoto, Japan},
 organization = {},
 publisher = {Springer},
 pages = {1-24},
 month = sep,
 note = {}
}

@INPROCEEDINGS{Popovici02,
 author = {Andrei Popovici and Thomas Gross and Gustavo Alonso},
 title = {{Dynamic Weaving for Aspect Oriented Programming}},
 editor = {},
 booktitle = {Proceedings of the 1st Int'l Conf. on Aspect-Oriented Software Development (AOSD'02)},
 number = {},
 series = {},
 year = 2002,
 address = {Enschede, The Netherlands},
 organization = {},
 publisher = {},
 pages = {141-147},
 month = apr,
 note = {}
}

@INPROCEEDINGS{Clarke02,
 author = {Siobh\'an Clarke and Walker, Robert J.},
 title = {{Towards a Standard Design Language for AOSD}},
 editor = {},
 booktitle = {Proceedings of the 1st Int'l Conf. on Aspect-Oriented Software Development (AOSD'02)},
 number = {},
 series = {},
 year = 2002,
 address = {Enschede, The Netherlands},
 organization = {},
 publisher = {},
 pages = {113-119},
 month = apr,
 note = {}
}

@INPROCEEDINGS{Vasseur04,
 author = {Alexandre Vasseur},
 title = {{Dynamic AOP and Runtime Weaving for Java - How Does AspectWerkz Address It?}},
 editor = {Filman, Robert E. and Haupt, Michael and Mehner, Katharina and Mezini, Mira},
 booktitle = {Proceedings of the 2004 Dynamic Aspect Workshop (DAW'04)},
 number = {},
 series = {},
 year = 2004,
 address = {Lancaster, England},
 organization = {},
 publisher = {},
 pages = {135-145},
 month = mar,
 note = {}
}

@INPROCEEDINGS{Stein02b,
 author = {Dominik Stein and Stefan Hanenberg and Rainer Unland},
 title = {{Designing Aspect-Oriented Crosscutting in UML}},
 editor = {},
 booktitle = {Proceedings of the 1st Int'l Workshop on Aspect-Oriented Modeling with UML (AOM'02)},
 number = {},
 series = {},
 year = 2002,
 address = {Enschede, The Netherlands},
 organization = {},
 publisher = {},
 pages = {},
 month = apr,
 note = {}
}

@INPROCEEDINGS{Stein02c,
 author = {Dominik Stein and Stefan Hanenberg and Rainer Unland},
 title = {{On Representing Join Points in the UML}},
 editor = {},
 booktitle = {Proceedings of the 2nd Int'l Workshop on Aspect-Oriented Modeling with UML},
 number = {},
 series = {},
 year = 2002,
 address = {Dresden, Germany},
 organization = {},
 publisher = {},
 pages = {},
 month = sep,
 note = {}
}

@INPROCEEDINGS{Eaddy06,
 author = {Eaddy, Mark and Aho, Alfred},
 title = {{Statement Annotations for Fine-Grained Advising}},
 editor = {Walter Cazzola and Shigeru Chiba and Gunter Saake and Yvonne Coady},
 booktitle = {Proceedings of ECOOP'2006 Workshop on Reflection, AOP and Meta-Data for Software Evolution (RAM-SE'06)},
 year = 2006,
 address = {Nantes, France},
 month = jul,
 pages = {},
 note = {}
}

@INPROCEEDINGS{Stein02,
 author = {Dominik Stein and Stefan Hanenberg and Rainer Unland},
 title = {{An UML-based Aspect-Oriented Design Notation for AspectJ}},
 editor = {},
 booktitle = {Proceedings of the 1st Int'l Conf. on Aspect-Oriented Software Development (AOSD'02)},
 number = {},
 series = {},
 year = 2002,
 address = {Enschede, The Netherlands},
 organization = {},
 publisher = {ACM Press},
 pages = {106-112},
 month = apr,
 note = {}
}

@INPROCEEDINGS{Havinga06,
 author = {Havinga, Wilke and Nagy, Istvan and Bergmans, Lodewijk and Ak\c{s}it, Mehmet},
 title = {{Detecting and Resolving Ambiguities Caused by Inter-Dependent Introductions}},
 editor = {Masuhara, Hidehiko and Rashid, Awais},
 booktitle = {Proceedings of the 5th Int'l Conf. on Aspect-Oriented Software Development (AOSD'06)},
 number = {},
 series = {},
 year = 2006,
 address = {Bonn, Germany},
 organization = {},
 publisher = {ACM Press},
 pages = {214-225},
 month = mar,
 note = {}
}

@INPROCEEDINGS{Tarr99,
 author = {Tarr, Peri and Ossher, Harold and Harrison, William and Sutton Jr., Stanley M.},
 title = {{N Degrees of Separation: Multi-Dimensional Separation of Concerns}},
 booktitle = {{Proceedings of the 21st International Conference on Software Engineering (ICSE'99)}},
 year = 1999,
 editor = {},
 pages = {107-119},
 address = {Los Angeles, CA, USA},
 organization = {},
 publisher = {},
 volume = {},
 number = {},
 series = {},
 month = may,
 note = {}
}

@INPROCEEDINGS{Tatsuzawa05,
 author = {Hideaki Tatsuzawa and Hidehiko Masuhara and Akinori Yonezawa},
 title = {{Aspectual Caml: An aspect-oriented functional language}},
 booktitle = {{Proceedings of the 10th ACM SIGPLAN International Conference on Functional Programming (ICFP 2005)}},
 year = 2005,
 editor = {},
 pages = {320-330},
 address = {Tallinn, Estonia},
 organization = {},
 publisher = {},
 volume = {},
 number = {},
 series = {},
 month = sep,
 note = {}
}

@INPROCEEDINGS{Stein06,
 author = {Dominik Stein and Stefan Hanenberg and Rainer Unland},
 title = {{Expressing Different Conceptual Models of Join Point Selections in Aspect-Oriented Design}},
 editor = {Masuhara, Hidehiko and Rashid, Awais},
 booktitle = {Proceedings of the 5th Int'l Conf. on Aspect-Oriented Software Development (AOSD'06)},
 number = {},
 series = {},
 year = 2006,
 address = {Bonn, Germany},
 organization = {},
 publisher = {ACM Press},
 pages = {15-26},
 month = mar,
 note = {}
}

@ARTICLE{Spinczyk05,
 author = {Olaf Spinczyk and Daniel Lohmann and Matthias Urban},
 title = {{AspectC++: an AOP Extension for C++}},
 journal = {Software Developer's Journal},
 year = 2005,
 volume = {},
 number = {},
 pages = {68-76},
 month = may,
 note = {}
}

@INPROCEEDINGS{Rashid06,
 author = {Rashid, Awais and Moreira, Ana Maria},
 title = {{Domain Models Are NOT Aspect Free}},
 booktitle = {{Proceedings of the ACM/IEEE 9th International Conference on Model Driven Engineering Languages and Systems (MoDELS'06)}},
 year = 2006,
 editor = {},
 pages = {155-169},
 address = {Genoa, Italy},
 organization = {},
 publisher = {Springer},
 volume = {},
 number = {},
 series = {LNCS 4199},
 month = oct,
 note = {}
}

@INPROCEEDINGS{Storzer05,
 author = {St{\"o}rzer, Maximilian and Graf, J{\"u}rgen},
 title = {{Using Pointcut Delta Analysis to Support Evolution of Aspect-Oriented Software}},
 booktitle = {{Proceedings of the 21st IEEE International Conference on Software Maintenance (ICSM'05)}},
 year = 2005,
 editor = {},
 pages = {653-656},
 address = {Budapest, Hungary},
 organization = {},
 publisher = {IEEE Computer Society},
 volume = {},
 number = {},
 series = {},
 month = sep,
 note = {}
}

@INPROCEEDINGS{Steimann05,
 author = {Friedrich Steimann},
 title = {{Domain Models Are Aspect Free}},
 booktitle = {{Proceedings of the ACM/IEEE 8th International Conference on Model Driven Engineering Languages and Systems (MoDELS'05)}},
 year = 2005,
 editor = {Briand, Lionel and Williams, Clay},
 pages = {171-185},
 address = {Montego Bay, Jamaica},
 organization = {},
 publisher = {Springer},
 volume = {},
 number = {},
 series = {LNCS 3713},
 month = oct,
 note = {}
}

@INPROCEEDINGS{Zhang03,
 author = {Zhang, Charles and Jacobsen, Hans-Arno},
 title = {{TinyC\textsuperscript{2}: Towards Building a Dynamic Weaving Aspect Language for C}},
 booktitle = {{Proceedings of the 2nd Foundations of Aspect-Oriented Languages workshop (FOAL'03)}},
 year = 2003,
 editor = {Leavens, Gary T. and Clifton, Curtis},
 pages = {25-34},
 address = {Boston, USA},
 organization = {},
 publisher = {},
 volume = {},
 number = {},
 series = {},
 month = mar,
 note = {}
}

@INPROCEEDINGS{Hanenberg03,
  author = {Hanenberg, Stefan and Oberschulte, Christian and Unland, Rainer},
  title = {{Refactoring of Aspect-Oriented Software}},
  booktitle = {{Proceedings of 4th Annual International Conference on Object-Oriented and Internet-based Technologies, Concepts, and Applications for a Networked World (Net.ObjectDays)}},
  year = 2003,
  editor = {},
  pages = {19-35},
  address = {Erfurt, Germany},
  organization = {},
  publisher = {},
  volume = {},
  number = {},
  series = {},
  month = sep,
  note = {}
}

@INPROCEEDINGS{Masuhara06,
 author = {Masuhara, Hidehiko and Endoh, Yusuke and Yonezawa, Akinori},
 title = {{A Fine-Grained Join Point Model for More Reusable Aspects}},
 booktitle = {{Proceedings of the 4th ASIAN Symposium on Programming Languages and Systems (APLAS'06)}},
 year = 2006,
 editor = {},
 pages = {131-147},
 address = {Sydney, Australia},
 organization = {},
 publisher = {},
 volume = {},
 number = {},
 series = {},
 month = nov,
 note = {}
}

@INPROCEEDINGS{Harbulot05,
 author = {Harbulot, Bruno and Gurd, John R.},
 title = {{A Join Point for Loops in AspectJ}},
 booktitle = {{Proceedings of the 4th Foundations of Aspect-Oriented Languages workshop (FOAL'05)}},
 year = 2005,
 editor = {Leavens, Gary T. and Clifton, Curtis},
 pages = {11-20},
 address = {Chicago, Illinois, USA},
 organization = {},
 publisher = {},
 volume = {},
 number = {},
 series = {},
 month = mar,
 note = {}
}

@MASTERSTHESIS{Kim02,
 author = {Kim, Howard},
 title = {{AspectC\#: An AOSD Implementation for C\#}},
 school = {Trinity College Dublin},
 year = 2002,
 address = {Dublin, Ireland},
 type = {Master Thesis},
 month = sep,
 note = {}
}

@INPROCEEDINGS{Masuhara03,
 author = {Masuhara, Hidehiko and Gregor Kiczales},
 title = {{Modeling Crosscutting in Aspect-Oriented Mechanisms}},
 editor = {},
 booktitle = {Proceedings of the 17th European Conference on Object-Oriented Programming (ECOOP'03)},
 number = {},
 series = {},
 year = 2003,
 address = {},
 organization = {},
 publisher = {},
 pages = {2-28},
 month = jun,
 note = {}
}

@INPROCEEDINGS{Monteiro05,
 author = {Monteiro, Miguel P. and Fernades, Jo{\~a}o M.},
 title = {{Towards a Catalog of Aspect-Oriented Refactorings}},
 editor = {},
 booktitle = {Proceedings of the 4th International Conference on Aspect-Oriented Software Development (AOSD'05)},
 number = {},
 series = {},
 year = 2005,
 address = {Chicago, Illinois, USA},
 organization = {},
 publisher = {ACM Press},
 pages = {111-122},
 month = mar,
 note = {}
}

@INPROCEEDINGS{Cole05,
 author = {Leornado Cole and Paulo Borba},
 title = {{Deriving Refactorings for AspectJ}},
 editor = {},
 booktitle = {Proceedings of the 4th International Conference on Aspect-Oriented Software Development (AOSD'05)},
 number = {},
 series = {},
 year = 2005,
 address = {Chicago, Illinois, USA},
 organization = {},
 publisher = {ACM Press},
 pages = {123-134},
 month = mar,
 note = {}
}

@INPROCEEDINGS{Lam05,
 author = {Patrick Lam and Viktor Kuncak and Martin Rinard},
 title = {{Crosscutting Techniques in Program Specification and Analysis}},
 editor = {},
 booktitle = {Proceedings of the 4th International Conference on Aspect-Oriented Software Development (AOSD'05)},
 number = {},
 series = {},
 year = 2005,
 address = {Chicago, Illinois, USA},
 organization = {},
 publisher = {ACM Press},
 pages = {169-180},
 month = mar,
 note = {}
}

@INPROCEEDINGS{Rajan05,
 author = {Hridesh Rajan and Kevin Sullivan},
 title = {{Aspect Language Features for Concern Coverage Profiling}},
 editor = {},
 booktitle = {Proceedings of the 4th International Conference on Aspect-Oriented Software Development (AOSD'05)},
 number = {},
 series = {},
 year = 2005,
 address = {Chicago, Illinois, USA},
 organization = {},
 publisher = {ACM Press},
 pages = {181-191},
 month = mar,
 note = {}
}

@INPROCEEDINGS{Hannemann05,
 author = {Jan Hannemann and Murphy, Gail C. and Gregor Kiczales},
 title = {{Role-Based Refactoring of Crosscutting Concerns}},
 editor = {},
 booktitle = {Proceedings of the 4th International Conference on Aspect-Oriented Software Development (AOSD'05)},
 number = {},
 series = {},
 year = 2005,
 address = {Chicago, Illinois, USA},
 organization = {},
 publisher = {ACM Press},
 pages = {135-146},
 month = mar,
 note = {}
}

@INPROCEEDINGS{Hannemann02,
 author = {Jan Hannemann and Gregor Kiczales},
 title = {{Design pattern implementation in Java and AspectJ}},
 editor = {},
 booktitle = {Proceedings of the 17th Annual ACM Conference on Object-Oriented Programming, Systems, Languages, and Applications (OOPSLA'02)},
 number = {},
 series = {},
 year = 2002,
 address = {Seattle, WA, USA},
 organization = {},
 publisher = {ACM Press},
 pages = {161-173},
 month = nov,
 note = {}
}

@MANUAL{jBossAOP,
  title = {{jBoss AOP Reference Manual v1.5.6}},
  organization = {jBoss Inc.},
  address = {},
  author = {},
  edition = {},
  month = {},
  year = 2005,
  note = {Available at \url{http://labs.jboss.com/jbossaop/docs/}.}
}

@MANUAL{Spring2.0,
  title = {{Spring: Java/J2EE Application Framework v2.0.7}},
  organization = {},
  address = {},
  author = {Johnson, Rod and Hoeller, Juergen and Arendsen, Alef and Sampaleanu, Colin and Harrop, Rob and Risberg, Thomas and Davison, Darren and Kopylenko, Dmitriy and Pollack, Mark and Templier, Thierry and Vervaet, Erwin and Tung, Portia and Hale, Ben and Colyer, Adrian and Lewis, John and Leau, Costin and Evans, Rick},
  edition = {},
  month = {},
  year = 2007,
  note = {}
}

@TECHREPORT{Isberg06,
  author = {Isberg, Wes},
  title = {{AOP@Work: Check out Library Aspects with AspectJ 5}},
  institution = {{IBM Developer Works}},
  year = 2006,
  type = {},
  number = {},
  address = {},
  month = jan,
  note = {}
}

@TECHREPORT{Kersten05,
  author = {Kersten, Mik},
  title = {{AOP@Work: AOP Tools Comparison (Part 1)}},
  institution = {{IBM Developer Works}},
  year = 2005,
  type = {},
  number = {},
  address = {},
  month = feb,
  note = {}
}

@INPROCEEDINGS{Kiczales01,
 author = {Gregor Kiczales and Erik Hilsdale and Jim Hugunin and Mik Kersten and Jeff Palm and Bill Griswold},
 title = {{An Overview of AspectJ}},
 editor = {Knudsen, J{\o}rgen Lindskov},
 booktitle = {Proceedings of the 15th European Conference on Object-Oriented Programming (ECOOP'01)},
 number = {},
 series = {LNCS 2072},
 year = 2001,
 address = {Budapest, Hungary},
 organization = {},
 publisher = {Springer-Verlag},
 pages = {327-353},
 month = jun,
 note = {}
}

@INPROCEEDINGS{Sillito04,
 author = {Jonathan Sillito and Christopher Dutchyn and Eisenberg, Andrew D. and De Volder, Kris},
 title = {{Use Case Level Pointcuts}},
 editor = {},
 booktitle = {Proceedings of the 18th European Conference on Object-Oriented Programming (ECOOP'04)},
 number = {},
 series = {},
 year = 2004,
 address = {Oslo, Norway},
 organization = {},
 publisher = {},
 pages = {244-266},
 month = jun,
 note = {}
}

@INPROCEEDINGS{Sato03,
 author = {Yoshiki Sato and Shigeru Chiba and Michiaki Tatsubori},
 title = {{A Selective, Just-in-Time Aspect Weaver}},
 editor = {},
 booktitle = {Proceedings of the 2nd Int'l Conf. on Generative Programming and Component Engineering (GPCE'03)},
 number = {},
 series = {LNCS 2830},
 year = 2003,
 address = {Erfurt, Germany},
 organization = {},
 publisher = {Springer},
 pages = {189-208},
 month = sep,
 note = {}
}

@BOOK{Gradecki03,
   author = {Gradecki, Joseph D. and Nicholas Lesiecki},
   title = {{Mastering AspectJ: Aspect-Oriented Programming in Java}},
   volume = {},
   series = {},
   publisher = {John Wiley and Sons},
   address = {},
   edition = {},
   month = mar,
   year = 2003,
   note = {}
}

@BOOK{Laddad03,
   author = {Ramnivas Laddad},
   title = {{AspectJ in Action: Pratical Aspect-Oriented Programming}},
   volume = {},
   series = {},
   publisher = {Manning Pubblications Company},
   address = {},
   edition = {},
   month = {},
   year = 2003,
   note = {}
}

@INPROCEEDINGS{Gray04,
 author = {Jeff Gray and Suman Roychoudhury},
 title = {{A Technique for Constructing Aspect Weavers from a Program Transformation Engine}},
 editor = {},
 booktitle = {Proceedings of the 3rd Int'l Conf. on Aspect-Oriented Software Development (AOSD'04)},
 number = {},
 series = {},
 year = 2004,
 address = {Lancaster, UK},
 organization = {},
 publisher = {},
 pages = {36-45},
 month = mar,
 note = {}
}

@INPROCEEDINGS{Stein04,
 author = {Dominik Stein and Stefan Hanenberg and Rainer Unland},
 title = {{Modeling Pointcuts}},
 editor = {},
 booktitle = {Proceedings of the AOSD Workshop on Aspect-Oriented Requirements Engineering and Architecture Design},
 number = {},
 series = {},
 year = 2004,
 address = {Lancaster, UK},
 organization = {},
 publisher = {},
 pages = {},
 month = mar,
 note = {}
}

@INPROCEEDINGS{Schroder-Preikschat06,
  author = {Wolfgang Schr{\"o}der-Preikschat and Daniel Lohmann and Fabian Scheler and Wasif Gilani and Olaf Spinczyk},
  title = {{Static and Dynamic Weaving in System Software with AspectC++}},
  editor = {},
  booktitle = {Proceedings of the 39th Hawai'i International Conference on System Sciences (HICSS'06)},
  number = {},
  series = {},
  year = 2006,
  address = {Kauai, Hawaii, USA},
  organization = {},
  publisher = {IEEE Computer Society Press},
  pages = {},
  month = jan,
  note = {}
}

@INPROCEEDINGS{Masuhara03b,
 author = {Hidehiko Masuhara and Kazunori Kawauchi},
 title = {{Dataflow Pointcut in Aspect-Oriented Programming}},
 editor = {},
 booktitle = {Proceedings of the 1st Asian Symposium on Programming Languages and Systems (APLAS'03)},
 number = {},
 series = {LNCS 2895},
 year = 2003,
 address = {Beijing, China},
 organization = {},
 publisher = {},
 pages = {105-121},
 month = nov,
 note = {}
}

@INPROCEEDINGS{Kawauchi04,
 author = {Kazunori Kawauchi and Hidehiko Masuhara},
 title = {{Dataflow Pointcut for Integrity Concerns}},
 editor = {},
 booktitle = {Proceedings of the AOSD'04 Workshop on AOSD Technology for Application-level Security},
 number = {},
 series = {},
 year = 2004,
 address = {Lancaster, UK},
 organization = {},
 publisher = {},
 pages = {},
 month = mar,
 note = {}
}

@INPROCEEDINGS{Chiba04,
 author = {Shigeru Chiba and Kiyoshi Nakagawa},
 title = {{Josh: An Open AspectJ-like Language}},
 editor = {},
 booktitle = {Proceedings of the 3rd Int'l Conf. on Aspect-Oriented Software Development (AOSD'04)},
 number = {},
 series = {},
 year = 2004,
 address = {Lancaster, UK},
 organization = {},
 publisher = {},
 pages = {102-112},
 month = mar,
 note = {}
}

@INPROCEEDINGS{Hilsdale04,
 author = {Erik Hilsdale and Jim Hugunin},
 title = {{Advice Weaving in AspectJ}},
 editor = {},
 booktitle = {Proceedings of the 3rd Int'l Conf. on Aspect-Oriented Software Development (AOSD'04)},
 number = {},
 series = {},
 year = 2004,
 address = {Lancaster, UK},
 organization = {},
 publisher = {ACM Press},
 pages = {26-35},
 month = mar,
 note = {}
}

@INPROCEEDINGS{Popovici03,
 author = {Andrei Popovici and Gustavo Alonso and Thomas Gross},
 title = {{Just in Time Aspects: Efficient Dynamic Weaving for Java}},
 editor = {},
 booktitle = {Proceedings of the 2nd Int'l Conf. on Aspect-Oriented Software Development (AOSD'03)},
 number = {},
 series = {},
 year = 2003,
 address = {Boston, Massachusetts},
 organization = {},
 publisher = {ACM Press},
 pages = {100-109},
 month = apr,
 note = {}
}

@INPROCEEDINGS{Rashid03,
 author = {Awais Rashid and Ruzanna Chitchyan},
 title = {{Persistence As an Aspect}},
 editor = {},
 booktitle = {Proceedings of the 2nd Int'l Conf. on Aspect-Oriented Software Development (AOSD'03)},
 number = {},
 series = {},
 year = 2003,
 address = {Boston, Massachusetts},
 organization = {},
 publisher = {ACM Press},
 pages = {120-129},
 month = apr,
 note = {}
}

@INPROCEEDINGS{Mezini03,
 author = {Mira Mezini and Klaus Ostermann},
 title = {{Conquering Aspects with Caesar}},
 editor = {},
 booktitle = {Proceedings of the 2nd Int'l Conf. on Aspect-Oriented Software Development (AOSD'03)},
 number = {},
 series = {},
 year = 2003,
 address = {Boston, Massachusetts},
 organization = {},
 publisher = {ACM Press},
 pages = {90-99},
 month = apr,
 note = {}
}

@INPROCEEDINGS{Suvee03,
 author = {Davy Suv\'ee and Wim Vanderperren and Viviane Jonckers},
 title = {{JAsCo: an Aspect-Oriented Approach Tailored for Component Based Software Development}},
 editor = {},
 booktitle = {Proceedings of the 2nd Int'l Conf. on Aspect-Oriented Software Development (AOSD'03)},
 number = {},
 series = {},
 year = 2003,
 address = {Boston, Massachusetts},
 organization = {},
 publisher = {ACM Press},
 pages = {21-29},
 month = apr,
 note = {}
}

@INPROCEEDINGS{Katara03,
 author = {Mika Katara and Shmuel Katz},
 title = {{Architectural Views of Aspects}},
 editor = {},
 booktitle = {Proceedings of the 2nd Int'l Conf. on Aspect-Oriented Software Development (AOSD'03)},
 number = {},
 series = {},
 year = 2003,
 address = {Boston, Massachusetts},
 organization = {},
 publisher = {ACM Press},
 pages = {1-10},
 month = apr,
 note = {}
}

@INPROCEEDINGS{Aotani05,
 author = {Aotani, Tomoyuki and Masuhara, Hidehiko},
 title = {{Compiling Conditional Pointcuts for User-Level Semantic Pointcuts}},
 editor = {},
 booktitle = {Proceedings of the 3rd Workshop on Software-engineering Properties of Languages for Aspect Technologies (SPLAT'05)},
 number = {},
 series = {},
 year = 2005,
 address = {Chicago, Illinois, USA},
 organization = {},
 publisher = {},
 pages = {},
 month = mar,
 note = {}
}

@INPROCEEDINGS{DidonetDelFabro05,
 author = {Didonet Del Fabro, Marcos and B\'ezivin, Jean and Jouault, Fr\'ed\'eric and Breton, Erwan and Gueltas, Guillaume},
 title = {{AMW: A Generic Model Weaver}},
 booktitle = {{Proceedings of the 1\textsuperscript{\`ere} Journ\'ee sur l'Ing\'enierie Dirig\'ee par les Mod\`eles (IDM05)}},
 year = 2005,
 editor = {},
 pages = {},
 address = {Paris, France},
 organization = {},
 publisher = {},
 volume = {},
 number = {},
 series = {},
 month = jun,
 note = {}
}

@INPROCEEDINGS{Tourwe03,
 author = {Tom Tourw\'e and Kris Gybels and Johan Brichau},
 title = {{On the Existence of the AOSD-Evolution Paradox}},
 editor = {},
 booktitle = {Proceedings of the Workshop on Software-engineering Properties of Languages for Aspect Technologies (SPLAT'03)},
 number = {},
 series = {},
 year = 2003,
 address = {Boston, Massachusetts},
 organization = {},
 publisher = {},
 pages = {},
 month = apr,
 note = {}
}

@INPROCEEDINGS{Steimann06,
 author = {Steimann, Friedrich},
 title = {{The Paradoxical Success of Aspect-Oriented Programming}},
 booktitle = {{Proceedings of the 21st Annual Conference on Object-Oriented Programming Systems, Languages, and Applications (\oopsla'06)}},
 year = 2006,
 editor = {},
 pages = {481-497},
 address = {Portland, Oregon, USA},
 organization = {},
 publisher = {ACM},
 volume = {},
 number = {},
 series = {},
 month = oct,
 note = {}
}

@INPROCEEDINGS{Gybels03,
 author = {Kris Gybels and Johan Brichau},
 title = {{Arranging Language Features for More Robust Pattern-Based Crosscuts}},
 editor = {},
 booktitle = {Proceedings of the 2nd Int'l Conf. on Aspect-Oriented Software Development (AOSD'03)},
 number = {},
 series = {},
 year = 2003,
 address = {Boston, Massachusetts},
 organization = {},
 publisher = {},
 pages = {60-69},
 month = apr,
 note = {}
}

@INPROCEEDINGS{Herrmann04,
  author = {Herrmann, Stephan and Hundt, Christine and Mehenr, Katharina},
  title = {{Mapping Use Case Level Aspects to ObjectTeams/Java}},
  booktitle = {{Proceedings of the OOSPLA Workshop on Early Aspects}},
  year = 2004,
  editor = {},
  pages = {},
  address = {Vancouver, British Columbia, Canada},
  organization = {},
  publisher = {},
  volume = {},
  number = {},
  series = {},
  month = oct,
  note = {}
}

@ARTICLE{Pawlak04,
  author = {Pawlak, Renaud and Younessi, Houman},
  title = {{On Getting Use Cases and Aspects to Work Together}},
  journal = {{Journal of Object Technology}},
  year = 2004,
  volume = 3,
  number = 1,
  pages = {15-26},
  month = jan#"-"#feb,
  note = {}
}

@INPROCEEDINGS{Herrmann00,
 author = {Herrmann, Stephan and Mezini, Mira},
 title = {{PIROL: A Case Study for Multidimensional Separation of Concerns in Software Engineering Environments}},
 booktitle = {{Proceedings of the 15th ACM SIGPLAN Conference on Object-Oriented Programming, Systems, Languages, and Applications (\oopsla'00)}},
 year = 2000,
 editor = {},
 pages = {188-207},
 address = {Minneapolis, Minnesota, United States},
 organization = {},
 publisher = {},
 volume = {},
 number = {},
 series = {},
 month = oct,
 note = {}
}

@INPROCEEDINGS{Chitchyan03,
 author = {Chitchyan, Ruzanna and Sommerville, Ian and Rashid, Awais},
 title = {{A Model for Dynamic Hyperspaces}},
 booktitle = {{Proceedings of the Workshop on Software Engineering Properties of Languages for Aspect Technologies (SPLAT'03)}},
 year = 2003,
 editor = {},
 pages = {},
 address = {Boston, Massachusetts, USA},
 organization = {},
 publisher = {},
 volume = {},
 number = {},
 series = {},
 month = mar,
 note = {}
}

@INPROCEEDINGS{Huang07,
 author = {Huang, Shan Shan and Zook, David and Smaradakis, Yannis},
 title = {{Morphing: Safely Shaping a Class in the Image of Others}},
 booktitle = {{Proceedings of the 21st European Conference on Object-Oriented Programming (ECOOP'07)}},
 year = 2007,
 editor = {Ernst, Erik},
 pages = {399-424},
 address = {Berlin, Germany},
 organization = {},
 publisher = {Springer},
 volume = {},
 number = {},
 series = {LNCS 4609},
 month = jul,
 note = {}
}

@INPROCEEDINGS{Ossher01,
 author = {Harold Ossher and Peri Tarr},
 title = {{Hyper/J: Multi-Dimensional Separation of Concerns for Java}},
 booktitle = {Proceedings of the 23rd International Conference on Software Engineering (ICSE'01)},
 number = {},
 series = {},
 year = 2001,
 address = {Toronto, Ontario, Canada},
 organization = {},
 publisher = {IEEE Computer Society},
 pages = {729-730},
 month = {},
 note = {}
}

@INPROCEEDINGS{Kienzle02,
 author = {J{\"o}rg Kienzle and Rachid Guerraoui},
 title = {{AOP: Does It Make Sense? The Case of Concurrency and Failures}},
 booktitle = {{Proceedings of the 16th European Conference on Object-Oriented Programming (ECOOP'02)}},
 year = {2002},
 series = {LNCS 2374},
 isbn = {3-540-43759-2},
 pages = {37-61},
 publisher = {Springer},
 month = jun,
 address = {M{\'a}laga, Spain}
}

@INPROCEEDINGS{Klein06,
 author = {Klein, Jacques and H\'elou{\"e}t, Lo{\"\i}c and J\'ez\'equel, Jean-Marc},
 title = {{Semantic-based Weaving of Scenarios}},
 editor = {Masuhara, Hidehiko and Rashid, Awais},
 booktitle = {Proceedings of the 5th Int'l Conf. on Aspect-Oriented Software Development (AOSD'06)},
 number = {},
 series = {},
 year = 2006,
 address = {Bonn, Germany},
 organization = {},
 publisher = {ACM Press},
 pages = {27-38},
 month = mar,
 note = {}
}

@INPROCEEDINGS{Cacho06,
 author = {Cacho, N\'elio and Sant'Anna, Cl\'audio and Figueiredo, Eduardo and Garcia, Alessandro and Batista, Tha\'{\i}s and Lucena, Carlos},
 title = {{Composing Design Patterns: A Scalability Study of Aspect-Oriented Programming}},
 editor = {Masuhara, Hidehiko and Rashid, Awais},
 booktitle = {Proceedings of the 5th Int'l Conf. on Aspect-Oriented Software Development (AOSD'06)},
 number = {},
 series = {},
 year = 2006,
 address = {Bonn, Germany},
 organization = {},
 publisher = {ACM Press},
 pages = {109-121},
 month = mar,
 note = {}
}

@INCOLLECTION{Douence04b,
  author = {Douence, R\'emi and Fradet, Pascal and S\"udholt, Mario},
  title = {{Trace-Based AOP}},
  booktitle = {Aspect Oriented Software Development},
  editor = {Filman, Robert E. and Elrad, Tzilla and Clarke, Siobh\'an and Ak{\c s}it, Mehmet},
  publisher = {Addison-Wesley},
  year = 2004,
  chapter = 9,
  pages = {141-150},
  address = {},
  volume = {},
  number = {},
  series = {},
  type = {},
  edition = {},
  month = oct,
  note = {}
}

@INPROCEEDINGS{Pearce06,
 author = {Pearce, David J. and Noble, James},
 title = {{Relationship Aspects}},
 editor = {Masuhara, Hidehiko and Rashid, Awais},
 booktitle = {Proceedings of the 5th Int'l Conf. on Aspect-Oriented Software Development (AOSD'06)},
 number = {},
 series = {},
 year = 2006,
 address = {Bonn, Germany},
 organization = {},
 publisher = {ACM Press},
 pages = {75-86},
 month = mar,
 note = {}
}

@INPROCEEDINGS{Sullivan05,
 author = {Sullivan, Kevin and Griswold, William G. and Song, Yuanyuan and Chai, Yuanfang and Shonle, Macneil and Tewari, Nishit and Rajan, Hridesh},
 title = {{On the Criteria to be Used in Decomposing Systems into Aspects}},
 editor = {},
 booktitle = {Proceedings of the European Software Engineering Conference and ACM SIGSOFT Symposium on the
Foundations of Software Engineering (ESEC/FSE 2005)},
 number = {},
 series = {},
 year = 2005,
 address = {Lisbon, Portugal},
 organization = {},
 publisher = {},
 pages = {},
 month = sep,
 note = {}
}

@INPROCEEDINGS{Kellens06b,
 author = {Andy Kellens and Kim Mens and Johan Brichau and Kris Gybels},
 title = {{Managing the Evolution of Aspect-Oriented Software with Model-based Pointcuts}},
 booktitle = {Proceedings of the 20th European Conference on Object-Oriented Programming (ECOOP'06)},
 year = 2006,
 pages = {},
 series = {},
 publisher = {Springer},
 month = jul,
 address = {Nantes, France},
 note = {}
}

@ARTICLE{Robillard07,
  author = {Robillard, Martin and Murphy, Gail},
  title = {{Representing Concerns in Source Code}},
  journal = {{ACM Transactions on Software Engineering and Methodology}},
  year = 2007,
  volume = 16,
  number = 1,
  pages = {1-38},
  month = feb,
  note = {}
}

@PHDTHESIS{Pini07,
 author = {Pini, Sonia},
 title = {{Blueprint: A High-Level Pattern Based AOP Language}},
 school = {Department of Informatics and Computer Science, Universit\`a di Genova},
 year = 2007,
 address = {Genoa, Italy},
 type = {{PhD Thesis}},
 month = jun,
 note = {}
}

@PHDTHESIS{Colombo09,
 author = {Colombo, Diego},
 title = {{Domain Driven Program Evolution}},
 school = {IMT Alti Studi Lucca},
 year = 2009,
 address = {Lucca, Italy},
 type = {PhD Thesis},
 month = dec,
 note = {}
}

@INPROCEEDINGS{Rodriguez04,
  author = {Rodriguez, Leonardo and Tanter, {\'E}ric and Noy\'e, Jacques},
  title = {{Supporting Dynamic Crosscutting with Partial Behavioral Reflection: a Case Study}},
  editor = {},
  booktitle = {Proceedings of the XXIV International Conference of the Chilean Computer Science Society (SCCC'04)},
  number = {},
  series = {},
  year = 2004,
  address = {Arica, Chile},
  organization = {},
  publisher = {},
  pages = {48-58},
  month = nov,
  note = {}
}

@INPROCEEDINGS{Greenwood07,
 author = {Greenwood, Phil and Garcia, Alessandro F. and Bartolomei, Thiago and Soares, Sergio and Borba, Paulo and Rashid, Awais},
 title = {{On the Design of an End-to-End AOSD Testbed for Software Stability}},
 booktitle = {{Proceedings of the 1st International Workshop on Assessment of Aspect-Oriented Technologies (ASAT'07)}},
 year = 2007,
 editor = {},
 pages = {},
 address = {Vancouver, Canada},
 organization = {},
 publisher = {},
 volume = {},
 number = {},
 series = {},
 month = mar,
 note = {}
}

@INPROCEEDINGS{Soares02,
 author = {Soares, Sergio and Laureano, Eduardo and Borba, Paulo},
 title = {{Implementing Distribution and Persistence Aspects with AspectJ}},
 booktitle = {{Proceedings of the 17th ACM SIGPLAN Conference on Object-Oriented Programming, Systems, Languages, and Applications (OOPSLA'02)}},
 year = 2002,
 editor = {Ibrahim, Mamdouh and Matsuoka, Satoshi},
 pages = {174-190},
 address = {Seattle, Washington, USA},
 organization = {},
 publisher = {ACM Press},
 volume = {},
 number = {},
 series = {},
 month = nov,
 note = {}
}

@INPROCEEDINGS{Sakurai07,
 author = {Sakurai, Kouhei and Masuhara, Hidehiko},
 title = {{Test-based Pointcuts: A Robust Pointcut Mechanism Based on Unit Test Cases for Software Evolution}},
 booktitle = {{Proceedings of 3rd Workshop on Linking Aspect Technology and Evolution (LATE'07)}},
 year = 2007,
 editor = {Tourw\'e, Tom},
 pages = {},
 address = {Vancouver, British Columbia, Canada},
 organization = {},
 publisher = {ACM},
 volume = {},
 number = {},
 series = {},
 month = mar,
 note = {}
}

@INPROCEEDINGS{Whittle07,
  author = {Whittle, Jon and Jayaraman, Praveen},
  title = {{MATA: A Tool for Aspect-Oriented Modeling Based on Graph Transformation}},
  booktitle = {{Proceedings of Aspect-Oriented Modeling Workshop at MoDELS'07 (AOM@MoDELS'07)}},
  year = 2007,
  editor = {Kienzle, J\"org and Gray, Jeff and Stein, Dominik and Cazzola, Walter and Aldawud, Omar and Elrad, Tzilla},
  pages = {},
  address = {Nashville, TN, USA},
  organization = {},
  publisher = {},
  volume = {},
  number = {},
  series = {},
  month = sep,
  note = {}
}

@INPROCEEDINGS{Harbulot04,
  author = {Harbulot, Bruno and Gurd, John R.},
  title = {{Using AspectJ to Separate Concerns in Parallel Scientific Java Code}},
  booktitle = {{Proceedings of the 3rd International Conference on Aspect-Oriented Software Development (AOSD'04)}},
  year = 2004,
  editor = {},
  pages = {122-131},
  address = {Lancaster, UK},
  organization = {},
  publisher = {ACM Press},
  volume = {},
  number = {},
  series = {},
  month = mar,
  note = {}
}

@INPROCEEDINGS{Cavallaro09,
  author = {Cavallaro, Luca and Monga, Mattia},
  title = {{Unweaving the Impact of Aspect Changes in AspectJ}},
  booktitle = {{Proceedings of the 2009 workshop on Foundations of aspect-oriented languages (FOAL'09)}},
  year = 2009,
  editor = {},
  pages = {13-18},
  address = {Charlottesville, Virginia, USA},
  organization = {},
  publisher = {},
  volume = {},
  number = {},
  series = {},
  month = mar,
  note = {}
}

@INPROCEEDINGS{Noguera10,
  author = {Noguera, Carlos and Kellens, Andy and Deridder, Dirk and D'Hondt, Theo},
  title = {{Tackling Pointcut Fragility with Dynamic Annotations}},
  booktitle = {{Procedings of the 7th ECOOP'10 Workshop on Reflection, AOP and Meta-Data for Software Evolution (RAM-SE'10)}},
  year = 2010,
  editor = {Cazzola, Walter and Chiba, Shigeru and Oriol, Manuel and Saake, Gunter},
  pages = {},
  address = {Maribor, Slovenia},
  organization = {},
  publisher = {ACM},
  volume = {},
  number = {},
  series = {},
  month = jun,
  note = {}
}

@INPROCEEDINGS{Batory03,
  author = {Batory, Don and Sarvela, Jacob Neal and Rauschmayer, Axel},
  title = {{Scaling Step-Wise Refinement}},
  booktitle = {{Proceedings of the 25th International Conference on Software Engineering (ICSE'03)}},
  year = 2003,
  editor = {},
  pages = {187-197},
  address = {Portland, OR, USA},
  organization = {},
  publisher = {IEEE Computer Society},
  volume = {},
  number = {},
  series = {},
  month = may,
  note = {}
}

# Application feature is «a product characteristic that is used in
# distinguishing programs within a family of related programs»
@ARTICLE{Batory04,
  author = {Batory, Don and Sarvela, Jacob Neal and Rauschmayer, Axel},
  title = {{Scaling Step-Wise Refinement}},
  journal = ieeese,
  year = 2004,
  publisher = {IEEE},
  volume = 30,
  number = 6,
  pages = {355--371},
  month = jun,
  note = {}
}

@INPROCEEDINGS{Apel05,
  author = {Apel, Sven and Leich, Thomas and Rosenm\"uller, Marko and Saake, Gunter},
  title = {{FeatureC++: On the Symbiosis of Feature-Oriented and Aspect-Oriented Programming}},
  booktitle = {{Proceedings of Fourth International Conference on Generative Programming and Component Engineering (GPCE'05)}},
  year = 2005,
  editor = {},
  pages = {125-140},
  address = {Tallin, Estonia},
  organization = {},
  publisher = {Springer},
  volume = {},
  number = {},
  series = {LNCS 3676},
  month = sep,
  note = {}
}

@INPROCEEDINGS{Moreira05,
  author = {Moreira, Ana M. and Rashid, Awais and Araujo, Jo{\~a}o},
  title = {{Multi-Dimensional Separation of Concerns in Requirements Engineering}},
  booktitle = {{Proceedings of the 13th IEEE International Conference on Requirements Engineering (RE'05)}},
  year = 2005,
  editor = {Atlee, Joanne},
  pages = {285--296},
  address = {Paris, France},
  organization = {},
  publisher = {IEEE},
  volume = {},
  number = {},
  series = {},
  month = aug#"-"#sep,
  note = {}
}

@ARTICLE{Cibran07,
  author = {Cibr\'an, Mar{\'\i}a Agustina and Verheecke, Bart and Vanderperren, Wim and Suv\'ee, Davy and Jonckers, Viviane},
  title = {{Aspect-oriented Programming for Dynamic Web Service Selection, Integration and Management}},
  journal = {{World Wide Web}},
  publisher = {Springer},
  year = 2007,
  volume = 10,
  number = 3,
  pages = {211--242},
  month = sep,
  note = {}
}

@INPROCEEDINGS{Greenwood04,
  author = {Greenwood, Phil and Blair, Lynne},
  title = {{Using Dynamic Aspect-Oriented Programming to Implement an Autonomic System}},
  booktitle = {{Proceedings of the 2004 Dynamic Aspects Workshop (DAW'04)}},
  year = 2004,
  editor = {Filman, Robert E. and Haupt, Michael and Mehner, Katharina and Mezini, Mira},
  pages = {76--88},
  address = {Lancaster, United Kingdom},
  organization = {},
  publisher = {},
  volume = {},
  number = {},
  series = {},
  month = mar,
  note = {}
}

@INPROCEEDINGS{Yang02a,
  author = {Yang, Zhenxiao and Cheng, Betty H. C. and Stirewalt, R. E. Kurt and Sowell, J and Sadjadi, Seyed Masoud and McKinley, Philip K.},
  title = {{An Aspect-Oriented Approach to Dynamic Adaptation}},
  booktitle = {{Proceedings of the 1st Workshop on Self-Healing Systems (WOSS'02)}},
  year = 2002,
  editor = {Garlan, David and Kramer, Jeff and Wolf, Alexander L.},
  pages = {85--92},
  address = {Charleston, SC, USA},
  organization = {ACM},
  publisher = {},
  volume = {},
  number = {},
  series = {},
  month = nov,
  note = {}
}

@ARTICLE{Greenwood06,
  author = {Greenwood, Phil and Blair, Lynne},
  title = {{A Framework for Policy Driven Auto-adaptive Systems Using Dynamic Framed Aspects}},
  journal = {{Transactions on Aspect-Oriented Software Development}},
  publisher = {Springer},
  year = 2006,
  volume = 2,
  number = {},
  pages = {30--65},
  month = {},
  note = {}
}

@INPROCEEDINGS{Ubayashi09,
  author = {Ubayashi, Naoyasu and Akatoki, Hidenori and Nomura, Jun},
  title = {{Pointcut-based Architectural Interface for Bridging a Gap between Design and Implementation}},
  editor = {Oriol, Manuel and Cazzola, Walter and Chiba, Shigeru and Saake, Gunter},
  booktitle = {Proceedings of the 6th ECOOP Workshop on Reflection, AOP and Meta-Data for Software Evolution (RAM-SE'09)},
  number = {},
  series = {},
  year = 2009,
  address = {Genoa, Italy},
  organization = {},
  publisher = {},
  pages = {},
  month = jul,
  note = {}
}

@ARTICLE{Reddy06,
  author = {Reddy, Y. Raghu and Ghosh, Sudipto and France, Robert B. and Straw, Greg and Bieman, James M. and Mc Eachen, N. and Song, Eunjee and Georg, Geri},
  title = {{Directives for Composing Aspect-Oriented Design Class Models}},
  journal = {{Transactions on Aspect-Oriented Software Development}},
  publisher = {Springer},
  year = 2006,
  volume = 1,
  number = 1,
  pages = {75--105},
  month = {},
  note = {}
}

@UNPUBLISHED{Kuleshov07,
  author = {Kuleshov, Eugene},
  title = {{Using the ASM Framework to Implement Common Java Bytecode Transformation Patterns}},
  note = {},
  year = 2007,
  month = {}
}

@INPROCEEDINGS{Bruneton02,
  author = {Bruneton, Eric and Lenglet, Romain and Coupaye, Thierry},
  title = {{ASM: A Code Manipulation Tool to Implement Adaptable Systems}},
  booktitle = {{Adaptable and Extensible Component Systems}},
  year = 2002,
  editor = {},
  pages = {},
  address = {},
  organization = {},
  publisher = {},
  volume = {},
  number = {},
  series = {},
  month = nov,
  note = {}
}

@INPROCEEDINGS{Vranic01,
  author = {Vrani\'c, Valentino},
  title = {{AspectJ Paradigm Model: A Basis for Multi-Paradigm Design for AspectJ}},
  booktitle = {{Proeedings of the 3rd International Conference on Generative and Component-Based Software Engineering (GCSE'01)}},
  year = 2001,
  editor = {Bosch, Jan},
  pages = {48--57},
  address = {Erfurt, Germany},
  organization = {},
  publisher = {Springer},
  volume = {},
  number = {},
  series = {Lecture Notes in Computer Science 2186},
  month = sep,
  note = {}
}

@ARTICLE{Dolog01,
  author = {Dolog, Peter and Vrani\'c, Valentino and Bielikov\'a, M\'aria},
  title = {{Representing Change by Aspect}},
  journal = {{Sigplan Notices}},
  publisher = {ACM},
  year = 2001,
  volume = 36,
  number = 12,
  pages = {77--83},
  month = dec,
  note = {}
}

@ARTICLE{Sullivan10,
  author = {Sullivan, Kevin and Griswold, William G. and Rajan, Hridesh and Song, Yuan-Yuan and Cai, Yuanfang and Shonle, Macneil and Tewari, Nishit},
  title = {{Modular Aspect-Oriented Design with XPIs}},
  journal = {{ACM Transactionf on Software Engineering and Methodology}},
  publisher = {ACM},
  year = 2010,
  volume = 20,
  number = 2,
  pages = {},
  month = aug,
  note = {}
}

@INPROCEEDINGS{Bagherzadeh11,
  author = {Bagherzadeh, Mehdi and Rajan, Hridesh and Leavens, Gary T. and Mooney, Sean},
  title = {{Translucid Contracts: Expressive Specification and Modular Verification for Aspect-Oriented Interfaces}},
  booktitle = {{Proceedings of the 10th International Conference on Aspect-Oriented Software Development (AOSD'11)}},
  year = 2011,
  editor = {Chiba, Shigeru},
  pages = {141--152},
  address = {Porto de Galinhas, Brazil},
  organization = {},
  publisher = {},
  volume = {},
  number = {},
  series = {},
  month = mar,
  note = {}
}

@ARTICLE{Kumar16,
  author = {Kumar, Anil and Kumar, Arvind and Iyyappan, M.},
  title = {{Applying Separation of Concern for Developing Softwares Using Aspect Oriented Programming Concepts}},
  journal = {{Procedia Computer Science}},
  publisher = {Elsevier},
  year = 2016,
  volume = 85,
  number = {},
  pages = {906--914},
  month = {},
  note = {}
}

@INPROCEEDINGS{Qu07,
  author = {Qu, Liping and Liu, Daxin},
  title = {{Extending Dynamic Aspect Mining Using Formal Concept Analysis}},
  booktitle = {{Proceedings of the 4th International Conference on Fuzzy Systems and Knowledge Discovery (FSKD'07)}},
  year = 2007,
  editor = {Yu, Jian and Zhou, Shuigeng},
  pages = {564--567},
  address = {Haikou, China},
  organization = {},
  publisher = {IEEE},
  volume = {},
  number = {},
  series = {},
  month = aug,
  note = {}
}

@INPROCEEDINGS{Breu04,
  author = {Breu, Silvia and Krinke, Jens},
  title = {{Aspect Mining Using Event Traces}},
  booktitle = {{Proceedings of the 19th IEEE/ACM International Conference on Automated Software Engineering (ASE'04)}},
  year = 2004,
  editor = {Wiels, Virginie and Stirewalt, Kurt},
  pages = {310--315},
  address = {Linz, Austria},
  organization = {},
  publisher = {IEEE},
  volume = {},
  number = {},
  series = {},
  month = sep,
  note = {}
}

@INPROCEEDINGS{Tonella04,
  author = {Tonella, Paolo and Ceccato, Mariano},
  title = {{Aspect Mining through the Formal Concept Analysis of Execution Traces}},
  booktitle = {{Proceedings of the 11th Working Conference on Reverse Engineering (WCRE'04)}},
  year = 2004,
  editor = {De Lucia, Andrea and Stroulia, Eleni},
  pages = {112--121},
  address = {Delft, The Netherlands},
  organization = {},
  publisher = {IEEE},
  volume = {},
  number = {},
  series = {},
  month = nov,
  note = {}
}

@INPROCEEDINGS{Moldovan06,
  author = {Moldovan, Grigoreta Sofia and \c{S}erban, Gabriela},
  title = {{Aspect Mining Using a Vector-Space Model Based Clustering Approach}},
  booktitle = {{Proceedings of the 2nd Wokshop on Linking Aspect Technology and Evolution (LATE'06)}},
  year = 2006,
  editor = {Tourw\'e, Tom and Shepherd, David and Kellens, Andy and Ceccato, Mariano},
  pages = {36--40},
  address = {Bonn, Germany},
  organization = {},
  publisher = {CWI},
  volume = {},
  number = {},
  series = {},
  month = mar,
  note = {}
}

@ARTICLE{Ali08,
  author = {Ali, Busyairah Syd and Kasirun, Zarinah Mohd},
  title = {{Crosscutting Concern Identification at Requirements Level}},
  journal = {{Malaysian Journal of Computer Science}},
  publisher = {SciTe Press},
  year = 2008,
  volume = 21,
  number = 2,
  pages = {78--87},
  month = {},
  note = {}
}

@INPROCEEDINGS{PerreiraJr15,
  author = {Perreira, Paulo Afonso and Dellosso Penteado, Ros{\^a}ngela},
  title = {{CrossCutting Concerns Identification Supported by Ontologies: A Preliminary Study}},
  booktitle = {{Proceedings of the International Conference on Enterprise Information Systems (ICEIS'15)}},
  year = 2015,
  editor = {Hammoudi, Slimane and Maciaszek, Leszek and Teniente, Ernest and Camp, Olivier and Cordeiro, Jos\'e},
  pages = {385--407},
  address = {Barcelona, Spain},
  organization = {},
  publisher = {Springer},
  volume = {},
  number = {},
  series = {Lecture Notes in Business Information Processing 241},
  month = apr,
  note = {}
}

@INPROCEEDINGS{Marek12,
  author = {Marek, Luk\'a\v{s} and Villaz\'on, Alex and Zheng, Yudi and Ansaloni, Danilo and Binder, Walter and Qi, Zhengwei},
  title = {{DiSL: A Domain-specific Language for Bytecode Instrumentation}},
  booktitle = {{Proceedings of the 11th International Conference on Aspect-Oriented Software Development (AOSD'12)}},
  year = 2012,
  editor = {Tanter, \'Eric and Sullivan, Kevin J. and Gabriel, Richard P.},
  pages = {239--250},
  address = {Potsdam Germany},
  organization = {},
  publisher = {ACM},
  volume = {},
  number = {},
  series = {},
  month = mar,
  note = {}
}

@ARTICLE{Groher09,
  author = {Groher, Iris and V\"olter, Markus},
  title = {{Aspect-Oriented Model-Driven Software Product Line Engineering}},
  journal = {{Transactions on Aspect-Oriented Software Development}},
  publisher = {Springer},
  year = 2009,
  volume = 4,
  number = {},
  pages = {111--152},
  month = {},
  note = {}
}

@INPROCEEDINGS{Wu06,
  author = {Wu, Xiaoqing and Bryant, Barrett R. and Gray, Jeff and Roychoudhury, Suman and Mernik, Marjan},
  title = {{Separation of Concerns in Compiler Development Using Aspect-Orientation}},
  booktitle = {Proceedings of the 21st Annual ACM Symposium on Applied Computing (SAC'06)},
  year = 2006,
  editor = {},
  pages = {1585--1590},
  address = {Dijon, France},
  organization = {},
  publisher = {ACM},
  volume = {},
  number = {},
  series = {},
  month = apr,
  note = {}
}


