@STRING(cacm = "Communications of the ACM")

@INPROCEEDINGS{Gini12,
  author = {Gini, Rosa and Coppola, Massimo and Ryan, Patrick B. and Righetti, Giacomo and Peri, Iacopo and Berni, Roberto and Avillach, Paul and Coloma, Preciosa M. and Trifir\`o, Gianluca and Diallo, Gayo and van der Lei, Johan and Sturkenboom, Miriam C.J.M. and Schuemie, Martijn J.},
  title = {{Frameworks for Data Extraction and Management from Electronic Healthcare Databases for Multi-Center Epidemiologic Studies: a Comparison among EU-ADR, MATRICE, and OMOP Strategies}},
  booktitle = {{Proceedings of the 24th European Medical Informatics Conference (MIE'12)}},
  year = 2012,
  editor = {},
  pages = {},
  address = {Pisa, Italy},
  organization = {},
  publisher = {},
  volume = {},
  number = {},
  series = {},
  month = aug,
  note = {}
}

@BOOK{McGuire01,
   author = {McGuire, Michael R.},
   title = {{Automation of the Patient Medical Record: Steps Toward a Universal Patient Record}},
   volume = {},
   series = {},
   publisher = {},
   address = {},
   edition = {second},
   month = dec,
   year = 2001,
   note = {}
}    

@ARTICLE{Minar00,
 author = {Nelson Minar and Matthew Gray and Oliver Roup and Raffi Krikorian and Pattie Maes}, 
 title = {{Hive: Distributed Agents for Networking Things}},
 journal = {IEEE Concurrency},
 year = 2000,
 volume = 8,
 number = 2,
 pages = {24-33},
 month = apr,
 note = {}
}

@ARTICLE{Luth03,
 author = {Luth, Jim}, 
 title = {{OPC XML Web Services: Expanding the Reach of OPC}},
 journal = {The On-Line Industrial Ethernet Book},
 year = 2003,
 volume = 14,
 number = {},
 pages = {},
 month = apr,
 note = {Available at http://ethernet.industrial-networking.com}
}

@INPROCEEDINGS{Ancona01,
 author = {Massimo Ancona and Eva Coscia and Gabriella Dodero and M. Earney and Vittoria Gianuzzi and Francesco Minuto and Salvatore Virtuoso}, 
 title = {{Ward-In-Hand: Wireless Access to Clinical Records for Mobile Healthcare Professionals}},
 editor = {},
 booktitle = {Proceedings of the 1st Annual Conference on Mobile \& Wireless Healthcare Applications},
 number = {},
 series = {},
 year = 2001,
 address = {London, UK},
 organization = {},
 publisher = {}, 
 pages = {},
 month = nov,
 note = {}
}

@INPROCEEDINGS{Ancona00,
 author = {Massimo Ancona and Gabriella Dodero and Vittoria Gianuzzi and Francesco Minuto and Marco Guida}, 
 title = {{Mobile Computing in a Hospital: the WARD-IN-HAND Project}},
 editor = {},
 booktitle = {Proceedings of the 2000 ACM Symposium on Applied Computing (SAC'00)},
 number = {},
 series = {},
 year = 2000,
 address = {Como, Italy},
 organization = {},
 publisher = {}, 
 pages = {554-556},
 month = mar,
 note = {}
}

@INPROCEEDINGS{Lymberis03,
 author = {Andreas Lymberis}, 
 title = {{Smart Weareables for Remote Health Monitoring, from Prevention to Rehabilitation: Current R\&D, Future Challenges}},
 editor = {},
 booktitle = {Proceedings of the 4th Annual IEEE Conference on Information Technology Application in Biomedicine},
 number = {},
 series = {},
 year = 2003,
 address = {Birmingham, UK},
 organization = {},
 publisher = {}, 
 pages = {272-275},
 month = apr,
 note = {}
}

@ARTICLE{Anagnostaki02,
 author = {Anagnostaki, Anthoula P. and Pavlopoulos, Sotiris and Kyriakou, Efthivoulos and Koutsouris, Dimitris}, 
 title = {{A Novel Codification Scheme Based on the VITAL and DICOM Standards for Telemedicine Applications}},
 journal = {IEEE Transaction on Biomedical Engineering},
 year = 2002,
 volume = 49,
 number = 12,
 pages = {1399-1411},
 month = dec,
 note = {}
}

@INPROCEEDINGS{Felder98,
 author = {Felder, Robin A.}, 
 title = {{Automation: Survival Tools for the Hospital Laboratory}},
 editor = {},
 booktitle = {Proceedings of the 2nd International Bayer Diagnostics Laboratory Testing Symposium},
 number = {},
 series = {},
 year = 1998,
 address = {New York City, NY, USA},
 organization = {},
 publisher = {}, 
 pages = {},
 month = jul,
 note = {}
}

@ARTICLE{Felder96,
 author = {Felder, Robin A.}, 
 title = {{Cost-Justifying Laboratory Automation}},
 journal = {Clinical Laboratory News: Automation},
 year = 1996,
 volume = 22,
 number = 4,
 pages = {10-13},
 month = apr,
 note = {}
}

@ARTICLE{Davis02,
 author = {Davis, Fred and Palander, Jari and Bussell, John}, 
 title = {{Automated Laboratory Analyzers Analyzed}},
 journal = {IVD Technology: Laboratory Automation},
 year = 2002,
 volume = {},
 number = {},
 pages = {37-48},
 month = jul,
 note = {}
}

@ARTICLE{Robert02,
 author = {Robert, Jean-Jacques}, 
 title = {{Continuous Monitoring of Blood Glucose}},
 journal = {International Journal of Experimental and Clinical Endocrinology},
 volume = 57,
 number = 1,
 year = 2002,
 publisher = {}, 
 pages = {81-84},
 month = jun,
 note = {}
}

@ARTICLE{Grimson00,
 author = {Jane Grimson and William Grimson and Wilhem Hasselbring}, 
 title = {{The SI Challenge in Health Care}},
 journal = cacm,
 volume = 43,
 number = 6,
 year = 2000,
 publisher = {}, 
 pages = {48-55},
 month = jun,
 note = {}
}

@INPROCEEDINGS{Jung99,
 author = {Jung, Benjamin and Grimson, Jane and Grimson, William}, 
 title = {{The EHCR - If not now, when?}},
 editor = {},
 booktitle = {Proceedings of TEHRE'99},
 number = {},
 series = {},
 year = 1999,
 address = {London, UK},
 organization = {},
 publisher = {}, 
 pages = {391-397},
 month = nov,
 note = {}
}

@ARTICLE{Kilman97,
 author = {Kilman, David G. and Forslund, David W.}, 
 title = {{An International Collaboratory Based on Virtual Patient Records}},
 journal = cacm,
 volume = 40,
 number = 8,
 year = 1997,
 publisher = {}, 
 pages = {110-117},
 month = aug,
 note = {}
}

@ARTICLE{Erickson93,
 author = {Erickson, Katherine A. and Wilding, Peter}, 
 title = {{Evaluation of a Novel Point-of-Care System, the i-STAT Portable Clinical Analyzer}},
 journal = {Clinical Chemistry},
 year = 1993,
 volume = 39,
 number = 2,
 pages = {283-287},
 month = feb,
 note = {}
}

@ARTICLE{Schrenker01,
 author = {Richard Schrenker and Todd Cooper}, 
 title = {{Building the Foundation for Medical Device Plug-and-Play Interoperability}},
 journal = {Medical Electronics Manufacturing},
 year = 2001,
 volume = {},
 number = {},
 pages = {10-22},
 month = apr,
 note = {}
}

@INPROCEEDINGS{Ferrara99,
 author = {Ferrara, Fabrizio and Grimson, William and Sottile, Pier Angelo}, 
 title = {{The Holistic Architectural Approach to Integrating the Healthcare Record in the Overall Information System}},
 editor = {},
 booktitle = {Proceedings of MIE99},
 number = {},
 series = {},
 year = 1999,
 address = {},
 organization = {},
 publisher = {IOS Press}, 
 pages = {847-852},
 month = {},
 note = {}
}

@INPROCEEDINGS{Daneels99,
 author = {Daneels, Axel and Salter, Wayne}, 
 title = {{What Is SCADA?}},
 editor = {},
 booktitle = {Proceedings of 7th International Conference on Accelerator and Large Experimental Physics Control Systems},
 number = {},
 series = {},
 year = 1999,
 address = {Trieste, Italy},
 organization = {},
 publisher = {}, 
 pages = {339-343},
 month = oct,
 note = {}
}

@INPROCEEDINGS{Ingram95,
 author = {Ingram, David}, 
 title = {{GEHR: The Good European Health Record}},
 editor = {Laires, Maria Fernanda and Ladeira, Maria J\'ulia and Christensen, Jens Pihlkj\aer},
 booktitle = {Health in the New Communication Age},
 number = {},
 series = {},
 year = 1995,
 address = {},
 organization = {},
 publisher = {IOS Press}, 
 pages = {66-74},
 month = {},
 note = {}
}

@MISC{Varady95,
 author = {P{\'e}ter V{\'a}rady}, 
 title = {{Interfacing Medical Equipment to the Profibus DP Industry Standard Fieldbus.}},
 year = 1995,
 note = {}
}

@ARTICLE{Nicholas01,
 author = {James H. Nicholas}, 
 title = {{Management of Remote Laboratory Data}},
 journal = {Lab Med},
 year = 2001,
 volume = 32,
 number = 9,
 pages = {532-534},
 month = sep,
 note = {}
}

@ARTICLE{Jagannathan98,
 author = {Jagannathan, V. "Juggy" and Wreder, Kent and Glicksman, Bob and al Safadi, Yasser}, 
 title = {{Objects in Healthcare - A Focus on Standards}},
 journal = {ACM Standards View},
 year = 1998,
 volume = 6,
 number = 1,
 pages = {22-26},
 month = mar,
 note = {}
}

@ARTICLE{Douglas02,
 author = {Douglas C. Schmidt}, 
 title = {{R\&D Advances in Middleware for Distributed, Real-time and Embedded Systems}},
 journal = cacm,
 editor = {Agha, Gul},
 year = 2002,
 volume = 45,
 number = 6,
 pages = {43-48},
 month = jun,
 note = {}
}

