@ARTICLE{Appeltauer11,
  author = {Appeltauer, Malte and Hirschfeld, Robert and Haupt, Michael and Masuhara, Hidehiko},
  title = {{ContextJ: Context-oriented Programming with Java}},
  journal = {{Computer Software}},
  publisher = {The Japan Society for Software Science and Technology},
  year = 2011,
  volume = 28,
  number = 1,
  pages = {27200292},
  month = {},
  note = {}
}

@INPROCEEDINGS{Afanasov14,
  author = {Afanasov, Mikhail and Mottola, Luca and Ghezzi, Carlo},
  title = {{Context-Oriented Programming for Adaptive Wireless Sensor Network Software}},
  booktitle = {{Proceedings of the International Conference on Distributed Computing in Sensor Systems (DCOSS'14)}},
  year = 2014,
  editor = {},
  pages = {233--240},
  address = {Marina Del Rey, CA, USA},
  organization = {},
  publisher = {IEEE},
  volume = {},
  number = {},
  series = {},
  month = may,
  note = {}
}

@ARTICLE{Hirschfeld08,
  author = {Hirschfeld, Robert and Costanza, Pascal and Nierstrasz, Oscar},
  title = {{Context-Oriented Programming}},
  journal = {Journal of Object Technology},
  year = 2008,
  volume = 7,
  number = 3,
  pages = {125-151},
  month = mar#"-"#apr,
  note = {}
}

@INPROCEEDINGS{Appeltauer09,
  author = {Appeltauer, Malte and Hirschfeld, Robert and Haupt, Michael and Lincke, Jens and Perscheid, Michael},
  title = {{A Comparison of Context-Oriented Programming Languages}},
  booktitle = {{Proceedings of the ECOOP Workshop on Context Oriented Programming (COP'09)}},
  year = 2009,
  editor = {},
  pages = {},
  address = {Genoa, Italy},
  organization = {},
  publisher = {ACM},
  volume = {},
  number = {},
  series = {},
  month = jul,
  note = {}
}

@INPROCEEDINGS{Costanza05,
  author = {Costanza, Pascal and Hirschfeld, Robert},
  title = {{Language Constructs for Context-Oriented Programming: An Overview of ContextL}},
  booktitle = {{Proceedings of the ACM Dynamic Languages Symposium (DLS'05)}},
  year = 2005,
  editor = {},
  pages = {1-10},
  address = {San Diego, CA, USA},
  organization = {},
  publisher = {ACM},
  volume = {},
  number = {},
  series = {},
  month = oct,
  note = {}
}

@INPROCEEDINGS{Ghezzi10,
  author = {Ghezzi, Carlo and Pradella, Matteo and Salvaneschi, Guido},
  title = {{Context-Oriented Programming in Highly Concurrent Systems}},
  booktitle = {{Proceedings of the 2\textsuperscript{nd} ECOOP Workshop on Context-Oriented Programming (COP'10)}},
  year = 2010,
  editor = {},
  pages = {},
  address = {Maribor, Slovenia},
  organization = {},
  publisher = {ACM},
  volume = {},
  number = {},
  series = {},
  month = jun,
  note = {}
}

@INPROCEEDINGS{Keays03,
  author = {Keays, Roger and Rakotonirainy, Andry},
  title = {{Context-Oriented Programming}},
  booktitle = {{Proceedings of the 3rd ACM International Workshop on Data Engineering for Wireless and Mobile Access (MobiDe'03)}},
  year = 2003,
  editor = {Banerjee, Sujata and Cherniack, Mitch},
  pages = {9--16},
  address = {San Diego, CA, USA},
  organization = {ACM},
  publisher = {},
  volume = {},
  number = {},
  series = {},
  month = sep,
  note = {}
}

@INPROCEEDINGS{Hirschfeld07,
  author = {Hirschfeld, Robert and Costanza, Pascal and Haupt, Michael},
  title = {{An Introduction to Context-Oriented Programming with ContextS}},
  booktitle = {{Proceedings of the International Summer School on Generative and Transformational Techniques in Software Engineering II (GTTSE'08)}},
  year = 2008,
  editor = {L\"{a}mmel, Ralf and Visser, Joost and Saraiva, {Jo{\~a}o}},
  pages = {396--407},
  address = {Braga, Portugal},
  organization = {},
  publisher = {Springer},
  volume = {},
  number = {},
  series = {LNCS 5235},
  month = jul,
  note = {}
}

@INPROCEEDINGS{Salvaneschi12,
  author = {Salvaneschi, Guido and Ghezzi, Carlo and Pradella, Matteo},
  title = {{ContextErlang: Introducing Context-Oriented Programming in the Actor Model}},
  booktitle = {{Proceedings of the 11th International Conference on Aspect-Oriented Software Development (AOSD'12)}},
  year = 2012,
  editor = {Tanter, \'Eric},
  pages = {191--202},
  address = {Porto de Galinhas, Brazil},
  organization = {},
  publisher = {ACM},
  volume = {},
  number = {},
  series = {},
  month = mar,
  note = {}
}

@INPROCEEDINGS{Appeltauer10,
  author = {Appeltauer, Malte and Hirschfeld, Robert and Masuhara, Hidehiko and Haupt, Michael and Kawauchi, Kazunori},
  title = {{Event-Specific Software Composition in Context-Oriented Programming}},
  booktitle = {{Proceedings of the 9th International Conference on Software Composition (SC'10)}},
  year = 2010,
  editor = {Baudry, Beno{\^\i}t and Wohlstadter, Eric},
  pages = {50--65},
  address = {Mal\'aga},
  organization = {},
  publisher = {Springer},
  volume = {},
  number = {},
  series = {LNCS 6144},
  month = jul,
  note = {}
}

@ARTICLE{Salvaneschi12b,
  author = {Salvaneschi, Guido and Ghezzi, Carlo and Pradella, Matteo},
  title = {{Context-Oriented Programming: A Software Engineering Perspective}},
  journal = {{Journal of Systems and Software}},
  publisher = {Elsevier},
  year = 2012,
  volume = 85,
  number = 8,
  pages = {1801--1817},
  month = aug,
  note = {}
}

@INPROCEEDINGS{Kamina11,
  author = {Kamina, Tetsuo and Aotani, Tomoyuki and Masuhara, Hidehiko},
  title = {{EventCJ: A Context-Oriented Programming Language with Declarative Event-Based Transition}},
  booktitle = {{Proceedings of the 10th International Conference on Aspect-oriented Software Development (AOSD'11)}},
  year = 2011,
  editor = {Chiba, Shigeru},
  pages = {253--264},
  address = {Porto de Galinhas, Brazil},
  organization = {},
  publisher = {ACM},
  volume = {},
  number = {},
  series = {},
  month = mar,
  note = {}
}

@INPROCEEDINGS{Costanza07,
  author = {Costanza, Pascal and Hirschefeld, Robert},
  title = {{Reflective Layer Activation in ContextL}},
  booktitle = {{Proceedings of the 2007 ACM Symposium on Applied Computing (SAC'07)}},
  year = 2007,
  editor = {},
  pages = {1280--1285},
  address = {Seoul, South Korea},
  organization = {},
  publisher = {ACM},
  volume = {},
  number = {},
  series = {},
  month = mar,
  note = {}
}

@INPROCEEDINGS{VonLowis07,
  author = {von L\"owis, Martin and Denker, Marcus and Nierstrasz, Oscar},
  title = {{Context-Oriented Programming: Beyond Layers}},
  booktitle = {{Proceedings of the International Conference on Dynamic Languages (ICDL'07)}},
  year = 2007,
  editor = {Demeyer, Sergr and Perrot, Jean-Fran\c{c}ois},
  pages = {143--156},
  address = {Lugano, Switzerland},
  organization = {},
  publisher = {},
  volume = {},
  number = {},
  series = {},
  month = aug,
  note = {}
}

@INPROCEEDINGS{Kamina14,
  author = {Kamina, Tetsuo and Aotani, Tomoyuki and Masuhara, Hidehiko and Tamai, Tetsuo},
  title = {{Context-Oriented Software Engineering: A Modularity Vision}},
  booktitle = {{Proceedings of the 13th International Conference on Modularity (Modularity'14)}},
  year = 2014,
  editor = {Ernst, Eric},
  pages = {85--98},
  address = {Lugano, Switzerland},
  organization = {},
  publisher = {ACM},
  volume = {},
}

@INPROCEEDINGS{Vallejos10,
  author = {Vallejos, Jorge and Gonz\'alez, Sebasti\'an and Costanza, Pascal and De Meuter, Wolfgang and D'Hondt, Theo and Mens, Kim},
  title = {{Predicated Generic Functions: Enabling Context-Dependent Method Dispatch}},
  booktitle = {{Proceedings of the 9th International Conference on Software Composition (SC'10)}},
  year = 2010,
  editor = {Baudry, Beno{\^\i}t and Wohlstadter, Eric},
  pages = {66--81},
  address = {M\'alaga, Spain},
  organization = {},
  publisher = {Springer},
  volume = {},
  number = {},
  series = {Lecture Notes in Computer Science 6144},
  month = jul,
  note = {}
}

@INPROCEEDINGS{Gonzalez10,
  author = {Gonz\'alez, Sebasti\'an and Cardozo, Nicol\'as and Mens, Kim and C\'adiz, Alfredo and Libbrecht, Jean-Christophe and Goffaux, Julien},
  title = {{Subjective-C: Bringing Context to Mobile Platform Programming}},
  booktitle = {{Proceedings of the 3rd International Conference on Software Language Engineering (SLE'10)}},
  year = 2010,
  editor = {Malloy, Brian and Staab, Steffen and van den Brand, Mark},
  pages = {246--265},
  address = {Eindhoven, The Netherlands},
  organization = {},
  publisher = {Springer},
  volume = {},
  number = {},
  series = {Lecture Notes in Computer Science 6563},
  month = oct,
  note = {}
}

@INPROCEEDINGS{Appeltauer08,
  author = {Appeltauer, Malte and Hirschfeld, Robert and Rho, Tobias},
  title = {{Dedicated Programming Support for Context-Aware Ubiquitous Applications}},
  booktitle = {{Proceedings of the 2nd International Conference on Mobile Ubiquitous Computing Systems, Services and Technologies (UBICOMM'08)}},
  year = 2008,
  editor = {Cardona, Narc{\'\i}s and Chen, Kwang-Cheng},
  pages = {38--43},
  address = {Valencia, Spain},
  organization = {},
  publisher = {IEEE},
  volume = {},
  number = {},
  series = {},
  month = sep,
  note = {}
}

@INPROCEEDINGS{Cardozo11,
  author = {Cardozo, Nicol\'as and Gonz\'alez, Sebasti\'an and Mens, Kim and D'Hondt, Theo},
  title = {{Safer Context (De)Activation: Through the Prompt-Loyal Strategy}},
  booktitle = {{Proceedings of the 3rd International Workshop on Context-Oriented Programming (COP'11)}},
  year = 2011,
  editor = {},
  pages = {2:1--2:6},
  address = {Lancaster, United Kingdom},
  organization = {},
  publisher = {ACM},
  volume = {},
  number = {},
  series = {},
  month = jul,
  note = {}
}
