@ARTICLE{Ancona90b,
  author = {Ancona, Massimo and De Floriani, Leila and Deogun, Jitender S.},
  title = {{Structured Spanning Trees}},
  journal = {{The Computer Journal}},
  publisher = {Oxford University Press},
  year = 1990,
  volume = 33,
  number = 4,
  pages = {344--355},
  month = apr,
  note = {}
}

@ARTICLE{Hoare62,
  author = {Hoare, C. A. R.},
  title = {{Quicksort}},
  journal = {{The Computer Journal}},
  publisher = {Oxford University Press},
  year = 1962,
  volume = 5,
  number = 1,
  pages = {10--16},
  month = jan,
  note = {}
}

@ARTICLE{Ancona86,
  author = {Ancona, Massimo and De Floriani, Leila and Deogun, Jitender S.},
  title = {{Path Problems in Structured Graphs}},
  journal = {{The Computer Journal}},
  publisher = {Oxford University Press},
  year = 1986,
  volume = 29,
  number = 6,
  pages = {553--563},
  month = jun,
  note = {}
}

@ARTICLE{Boehm95,
  author = {Boehm, Hans-Juergen and Atkinson, Russell R. and Plass, Michael F.},
  title = {{Ropes: An Alternative to Strings}},
  journal = {{Software Practice \& Experience}},
  publisher = {John Wiley and Sons, Ltd},
  year = 1995,
  volume = 25,
  number = 12,
  pages = {1315--1330},
  month = dec,
  note = {}
}

@BOOK{Horowitz93,
   author = {Horowitz, Ellis and Sahni, Sartaj and Anderson-Freed, Susan},
   title = {{Fundamentals of Data Structures in C}},
   volume = {},
   series = {},
   publisher = {Computer Science Press},
   address = {},
   edition = {},
   month = {},
   year = 1993,
   note = {},
}

@ARTICLE{Sleator85,
  author = {Sleator, Daniel D. and Tarjan, Robert E.},
  title = {{Self-Adjusting Binary Search Trees}},
  journal = {{Journal of the ACM}},
  publisher = {ACM},
  year = 1985,
  volume = 32,
  number = 3,
  pages = {653--686},
  month = jul,
  note = {}
}

@ARTICLE{Sleator86,
  author = {Sleator, Daniel D. and Tarjan, Robert E.},
  title = {{Self-Adjusting Heaps}},
  journal = {{SIAM Journal of Computing}},
  publisher = {SIAM},
  year = 1986,
  volume = 15,
  number = 1,
  pages = {52--69},
  month = feb,
  note = {}
}

@ARTICLE{Fagin79,
  author = {Fagin, Ronald and Nievergelt, J\"urg and Pippenger, Nicholas and Strong, Raymond H.},
  title = {{Extendible Hashing -- A Fast Access Method for Dynamic Files}},
  journal = {{ACM Transaction on Database Systems}},
  publisher = {ACM},
  year = 1979,
  volume = 4,
  number = 3,
  pages = {315--344},
  month = sep,
  note = {}
}

@ARTICLE{Comfort84,
  author = {Comfort, John Craig},
  title = {{The Simulation of a Master-Slave Event Set Processor}},
  journal = {{Simulation}},
  publisher = {SAGE Publishing},
  year = 1984,
  volume = 42,
  number = 3,
  pages = {117--124},
  month = mar,
  note = {}
}

@ARTICLE{McCormack81,
  author = {McCormack, William M. and Sargent, Robert G.},
  title = {{Analysis of Future Event Set Algorithms for Discrete Event Simulation}},
  journal = cacm,
  publisher = {ACM},
  year = 1981,
  volume = 24,
  number = 12,
  pages = {801--812},
  month = dec,
  note = {}
}

@ARTICLE{Ronngren93,
  author = {Robert R\"onngren and Jens Riboe and Rassul Ayani},
  title = {{Lazy Queue: A New Approach to Implementing the Pending-Event Set}},
  journal = {{International Journal on Computing Simulation}},
  volume = 3,
  year = 1993,
  pages = {303--332},
  month = {},
  note = {}
}

@ARTICLE{Bentley85,
  author = {Jon Bentley},
  title = {{Thanks, Heaps}},
  journal = cacm,
  publisher = {ACM},
  year = 1985,
  volume = 28,
  number = 3,
  pages = {245--250},
  month = mar,
  note = {}
}

@ARTICLE{Ronngren97,
  author = {R\"onngren, Robert  and Ayani, Rassul},
  title = {{A Comparative Study of Parallel and Sequential Priority Queue Algorithms}},
  journal = {{ACM Transaction on Modeling and Computer Simulation}},
  publisher = {ACM},
  year = 1997,
  volume = 7,
  number = 2,
  pages = {157--209},
  month = apr,
  note = {}
}

@ARTICLE{Brown88,
  author = {Brown, Randy},
  title = {{Calendar Queues: A Fast O(1) Priority Queue Implementation for the Simulation Event Set Problem}},
  journal = cacm,
  publisher = {ACM},
  year = 1988,
  volume = 31,
  number = 10,
  pages = {1220--1227},
  month = oct,
  note = {}
}

@ARTICLE{Pugh90,
  author = {Pugh, William},
  title = {{Skip Lists: A Probabilistic Alternative to Balanced Trees}},
  journal = cacm,
  publisher = {ACM},
  year = 1990,
  volume = 33,
  number = 6,
  pages = {668--676},
  month = jun,
  note = {}
}

@INPROCEEDINGS{Henriksen77,
  author = {Henriksen, James O.},
  title = {{An Improved Events List Algorithm}},
  booktitle = {{Proceedings of the 9th Conference on Winter Simulation (WSC'77)}},
  year = 1977,
  editor = {Sargent, Robert G. and Schmidt, J. William},
  pages = {547--557},
  address = {Gaitherburg, Maryland, United States},
  organization = {},
  publisher = {},
  volume = {},
  number = {},
  series = {},
  month = dec,
  note = {}
}

@INPROCEEDINGS{Steinman92,
  author = {Steinman, Jeffrey S.},
  title = {{SPEEDES: A Unified Approach to Parallel Simulation}},
  booktitle = {{Proceedings of the 6th Workshop on Parallel and Distributed Simulation}},
  year = 1992,
  editor = {Abrams, Marc and Reynolds, Paul Francis},
  pages = {75--84},
  address = {Newport Beach, CA, United States},
  organization = {},
  publisher = {ACM},
  volume = 24,
  number = 3,
  series = {},
  month = jan,
  note = {}
}

@ARTICLE{Tarjan72,
  author = {Tarjan, Robert E.},
  title = {{Depth-First Search and Linear Graph Algorithms}},
  journal = {{SIAM Journal of Computing}},
  publisher = {SIAM},
  year = 1972,
  volume = 1,
  number = 2,
  pages = {146--160},
  month = jun,
  note = {}
}

@ARTICLE{Andersson99,
  author = {Andersson, Arne},
  title = {{General Balanced Trees}},
  journal = {{Journal of Algorithms}},
  publisher = {Elsevier},
  year = 1999,
  volume = 30,
  number = 1,
  pages = {1--18},
  month = jan,
  note = {}
}

@TECHREPORT{Bagwell01,
  author = {Bagwell, Phil},
  title = {{Ideal Hash Trees}},
  institution = {\'Ecole Polytechnique F\'ed\'erale de Lausanne},
  year = 2001,
  type = {Technical Report},
  number = {},
  address = {Lausanne, Switzerland},
  month = {},
  note = {}
}

@ARTICLE{Griswold93,
  author = {Griswold, William G. and Towsend, Gregg M.},
  title = {{The Design and Implementation of Dynamic Hashing for Sets and Tables in Icon}},
  journal = {{Software: Practice \& Experience}},
  publisher = {John Wiley and Sons, Ltd},
  year = 1993,
  volume = 23,
  number = 4,
  pages = {351--367},
  month = apr,
  note = {}
}

@INPROCEEDINGS{Almeida04,
  author = {Almeida, Jos\'e Bacelar and Almeida, Paulo S\'ergio and Baquero, Carlos},
  title = {{Bounded Version Vectors}},
  booktitle = {{Proceedings of the 18th International Symposium on Distributed Computing (DISC'04)}},
  year = 2004,
  editor = {Guerraoui, Rachid},
  pages = {102--116},
  address = {Amsterdam, The Netherlands},
  organization = {},
  publisher = {Springer},
  volume = {},
  number = {},
  series = {Lecture Notes in Computer Science 3274},
  month = {},
  note = {}
}

@INPROCEEDINGS{Biswas19,
  author = {Biswas, Ranadeep and Emmi, Michael and Enea, Constantin},
  title = {{On the Complexity of Checking Consistency for Replicated Data Types}},
  booktitle = {{Proceedings of the 31st International Conference on Computer Aided Verification (CAV'19)}},
  year = 2019,
  editor = {Dillig, Isil and Tasiran, Serdar},
  pages = {324--343},
  address = {New York City, NY, USA},
  organization = {},
  publisher = {Springer},
  volume = {},
  number = {},
  series = {Lecture Notes on Computer Science 11562},
  month = jul,
  note = {}
}

@INPROCEEDINGS{Nedelec16,
  author = {N\'edelec, Brice and Molli, Pascal and Mostefaoui, Achour},
  title = {{CRATE: Writing Stories Together with Our Browsers}},
  booktitle = {{Proceedings of the 25th International Conference Companion on World Wide Web (WWW'16 Companion)}},
  year = 2016,
  editor = {Horrocks, Ian and Zhao, Ben Y.},
  pages = {231--234},
  address = {Montr\'eal, Qu\'ebec, Canada},
  organization = {},
  publisher = {ACM},
  volume = {},
  number = {},
  series = {},
  month = apr,
  note = {}
}

@INPROCEEDINGS{Nicolas17,
  author = {Nicolas, Matthieu and Elvinger, Victorien and G\'erald, Oster and Ignat, Claudia Lavinia and Charoy, Franc\c{c}ois},
  title = {{MUTE: A Peer-to-Peer Web-Based Real-Time Collaborative Editor}},
  booktitle = {{Proceedings od the 15th European Conference on Computer-Supported Cooperative Work---Panels, Posters and Demos (ECSCW'17)}},
  year = 2017,
  editor = {},
  pages = {1--4},
  address = {Sheffield, United Kingdom},
  organization = {},
  publisher = {EUSSET},
  volume = {},
  number = {},
  series = {},
  month = aug,
  note = {}
}

@ARTICLE{Roh11,
  author = {Roh, Hyun-Gul and Jeon, Myeongjae and Lee, Joonwon},
  title = {{Replicated Abstract Data Types: Building Blocks for Collaborative Applications}},
  journal = {{Journal of Parallel and Distributed Computing}},
  publisher = {Elsevier},
  year = 2011,
  volume = 71,
  number = 3,
  pages = {354--368},
  month = mar,
  note = {}
}

@INPROCEEDINGS{Kaki19,
  author = {Kaki, Gowtham and Priya, Swarn and Sivaramakrishnan, KC and Jagannatha, Suresh},
  title = {{Mergeable Replicated Data Types}},
  booktitle = {{Proceedings of the 34th Conference on Object-Oriented Programming, Systems, Languages, and Applications (OOPSLA'19)}},
  year = 2019,
  editor = {Visser, Eelco},
  pages = {},
  address = {Athens, Greece},
  organization = {},
  publisher = {ACM},
  volume = {},
  number = {},
  series = {},
  month = oct,
  note = {}
}

@INPROCEEDINGS{Castineira15,
  author = {Casti\~neira, Santiago J. and Bieniusa, Annette},
  title = {{Collaborative Offline Web Applications Using Conflict-Free Replicated Data Types}},
  booktitle = {{Prooceedings of the 1st Workshop on Principles and Practice of Consistency for Distributed Data (PaPoC'15)}},
  year = 2015,
  editor = {Baquero, Carlos and Serafini, Marco},
  pages = {1--4},
  address = {Bourdeaux, France},
  organization = {},
  publisher = {ACM},
  volume = {},
  number = {},
  series = {},
  month = apr,
  note = {}
}

@TECHREPORT{Pugh89,
  author = {Pugh, William},
  title = {{A Skip List Cookbook}},
  institution = {University of Maryland at College Park},
  year = 1989,
  type = {Technical Report},
  number = {UMIACS-TR-89-72.1},
  address = {},
  month = jul,
  note = {}
}

@TECHREPORT{Letia09,
  author = {Le\textcommabelow{t}ia, Mihai and Pregui\c{c}a, Nuno and Shapiro, Marc},
  title = {{CRDTs: Consistency without Concurrency Control}},
  institution = {INRIA},
  year = 2009,
  type = {Research Report},
  number = {RR-6956},
  address = {},
  month = jul,
  note = {}
}

@INPROCEEDINGS{Shapiro11,
  author = {Shapiro, Marc and Pregui\c{c}a, Nuno and Baquero, Carlos and Zawirski, Marek},
  title = {{Conflict-Free Replicated Data Types}},
  booktitle = {{Proceedings of the Symposium on Self-Stabilizing Systems (SSS'11)}},
  year = 2011,
  editor = {D\'efago Xavier, Petit Franck, Villain Vincent},
  pages = {386--400},
  address = {Grenoble, France,},
  organization = {},
  publisher = {Springer},
  volume = {},
  number = {},
  series = {Lecture Notes in Computer Science 6976},
  month = oct,
  note = {}
}

@INPROCEEDINGS{Scott20,
  author = {Scott, Noah W. and Hodson, Douglas D. and Dill, Richard and Grimaila, Michaerl R.},
  title = {{Using Serde to Serialize and Deserialize DIS PDUs}},
  booktitle = {{Proceedings of the International Conference on Computational Science and Computational Intelligence (CSCI'20)}},
  year = 2020,
  editor = {Arabnia, Hamid R. and Deligiannidis, Leonidas and Tinetti, Fernando G. and Tran, Quoc-Nam},
  pages = {1425--1428},
  address = {Las Vegas, NV, USA},
  organization = {},
  publisher = {IEEE},
  volume = {},
  number = {},
  series = {},
  month = dec,
  note = {}
}

