@ARTICLE{Li12,
  author = {Li, Qilin and Zhou, Mingtian},
  title = {{Research on Dependable Distributed Systems for Smart Grid}},
  journal = {{Journal of Software}},
  publisher = {Academy Publisher},
  year = 2012,
  volume = 7,
  number = 6,
  pages = {1250--1257},
  month = jun,
  note = {}
}

@ARTICLE{Li10,
  author = {Li, Qilin and Zhou, Mingtian},
  title = {{The Future-Oriented Middleware Technolgy}},
  journal = {{Journal of Computer}},
  publisher = {Academy Publisher},
  year = 2012,
  volume = 7,
  number = 6,
  pages = {1250--1257},
  month = jun,
  issn = {1796-203X},
  note = {}
}

@INPROCEEDINGS{Felber03,
  author = {Felber, Pascal},
  title = {{Semi-automatic Parallelization of Java Applications}},
  booktitle = {{Proceedings of the OTM Confederated International Conferences (DOA'03)}},
  year = 2003,
  editor = {Meersman, Robert and Tari, Zahir and Schmidt, Douglas C.},
  pages = {1369-1383},
  address = {Catania, Italy},
  organization = {},
  publisher = {Springer},
  volume = {},
  number = {},
  series = {LNCS 2888},
  month = nov,
  note = {}
}

@ARTICLE{Frigo98,
  author = {Frigo, Matteo and Leiserson, Charles E. and Randall, Keith H.},
  title = {{The Implementation of the Cilk-5 Multi-Threaded Language}},
  journal = {{ACM Sigplan Notices}},
  year = 1998,
  volume = 33,
  number = 5,
  pages = {212-223},
  month = may,
  note = {}
}

@INPROCEEDINGS{Bridges07,
  author = {Bridges, Matthew J. and Vachharajani, Neil and Zhang, Yun and Jablin, Thomas and August, David I.},
  title = {{Revisiting the Sequential Programming Model for Multi-Core}},
  booktitle = {{Proceedings of the 40\textsuperscript{th} Annual IEEE/ACM International Symposium on Microarchitecture}},
  year = 2007,
  editor = {},
  pages = {69-84},
  address = {Chicago, IL, USA},
  organization = {},
  publisher = {IEEE},
  volume = {},
  number = {},
  series = {},
  month = dec,
  note = {}
}

@ARTICLE{Bridges08,
  author = {Bridges, Matthew J. and Vachharajani, Neil and Zhang, Yun and Jablin, Thomas and August, David I.},
  title = {{Revisiting the Sequential Programming Model for the Multicore Era}},
  journal = {IEEE Micro},
  year = 2008,
  volume = 28,
  number = 1,
  pages = {12-20},
  month = jan#"-"#feb,
  note = {}
}

@TECHREPORT{Intel08,
  author = {{Intel Corporation}},
  title = {{Migrating Industrial Applications to Multi-core Processors }},
  institution = {{Intel Corporation}},
  year = 2008,
  type = {White Paper},
  number = {},
  address = {},
  month = mar,
  note = {}
}

@ARTICLE{Denning10,
  author = {Denning, Peter J. and Dennis, Jack B.},
  title = {{The Resurgence of Parallelism}},
  journal = cacm,
  year = 2010,
  volume = 53,
  number = 6,
  pages = {30-32},
  month = jun,
  note = {}
}

@BOOK{Leiserson08,
  author = {Leiserson, Charles E. and Mirman, Ilya B.},
  editor = {},
  title = {{How to Survive the Multicore Software Revolution (or at Least Survive the Hype)}},
  publisher = {Cilk Arts},
  year = 2008,
  address = {},
  edition = {},
  volume = {},
  number = {},
  series = {},
  month = jul,
  note = {}
}

@INCOLLECTION{Douglas95,
  author = {Douglas, Andrew and Wood, Alan and Rowstron, Anton},
  title = {{Linda Implementation Revisited}},
  booktitle = {{Transputer and Occam Developments}},
  publisher = {IOS Press},
  year = 1995,
  chapter = {},
  pages = {125-138},
  address = {},
  editor = {Nixon, Paddy},
  volume = {},
  number = {},
  series = {},
  type = {},
  edition = {},
  month = {},
  note = {}
}

@ARTICLE{Carriero94,
  author = {Carriero, Nicholas J. and Gelernter, David and Mattson, Timothy G. and Sherman, Andrew H.},
  title = {{The Linda Alternative to Message-Passing Systems}},
  journal = {{Parallel Computing}},
  publisher = {Elsevier},
  year = 1994,
  volume = 20,
  number = {},
  pages = {633--655},
  month = {},
  note = {}
}

@ARTICLE{Haller09,
  author = {Haller, Philipp and Odersky, Martin},
  title = {{Scala Actors: Unifying Thread-Based and Event-Based Programming}},
  journal = {{Theoretical Computer Science}},
  publisher = {Elsevier},
  year = 2009,
  volume = 410,
  number = 2#"-"#3,
  pages = {202--220},
  month = feb,
  note = {}
}

@INPROCEEDINGS{Sutcliffe93,
  author = {Sutcliffe, Geoff},
  title = {{Prolog-D-Linda v2 : A New Embedding of Linda in SICStus Prolog}},
  booktitle = {In Proceedings of Blackboard-Based Logic Programming Workshop},
  year = 1993,
  editor = {},
  pages = {},
  address = {Budapest, Hungary},
  organization = {},
  publisher = {},
  volume = {},
  number = {},
  series = {},
  month = {},
  note = {}
}

@MASTERSTHESIS{Sluga07,
  author = {Sluga, Thomas Arkadius},
  title = {{Modern C++ Implementation of the Linda Coordination Language}},
  school = {University of Hannover},
  year = 2007,
  address = {Hannover, Germany},
  type = {Master Thesis},
  month = {},
  note = {}
}

@INPROCEEDINGS{Wells05,
  author = {Wells, George},
  title = {{Coordination Languages: Back to the Future with Linda}},
  booktitle = {{Proceedings of the 2\textsuperscript{nd} International Workshop on Coordination and Adaptation Techniques for Software Entities (WCAT'05)}},
  year = 2005,
  editor = {Steffen Becker and Carlos Canal and Murillo, Juan M. and Pascal Poizat and Massimo Tivoli},
  pages = {87-98},
  address = {Glasgow, Scotland},
  organization = {},
  publisher = {},
  volume = {},
  number = {},
  series = {},
  month = jul,
  note = {}
}

@TECHREPORT{Siegel91,
  author = {Siegel, Ellen H. and Cooper, Eric C.},
  title = {{Implementing Distributed Linda in Standard ML}},
  institution = {Department of Computer Science, Carnegie Mellon University},
  year = 1991,
  type = {Technical Report},
  number = {CMU-CS-91-151},
  address = {Pittsburgh, PA, USA},
  month = oct,
  note = {}
}

@BOOK{Freeman99,
  author = {Freeman, Eric and Arnold, Ken and Hupfer, Susanne},
  editor = {},
  title = {{JavaSpaces Principles, Patterns, and Practice}},
  publisher = {Addison-Wesley},
  year = 1999,
  address = {},
  edition = {},
  volume = {},
  number = {},
  series = {},
  month = {},
  note = {}
}

@BOOK{Milner99,
  author = {Milner, Robin},
  editor = {},
  title = {{Communicating and Mobile Systems: The pi-Calculus}},
  publisher = {Cambridge University Press},
  year = 1999,
  address = {},
  edition = {},
  volume = {},
  number = {},
  series = {},
  month = {},
  note = {}
}

@ARTICLE{Gelernter92,
  author = {Gelernter, David and Carriero, Nicholas},
  title = {{Coordination Languages and Their Significance}},
  journal = cacm,
  year = 1992,
  volume = 35,
  number = 2,
  pages = {97-107},
  month = feb,
  note = {}
}

@BOOK{Wagner07,
  editor = {Wagner, Dorothea and Wattenhofer, Roger},
  title = {{Algorithms for Sensor and Ad Hoc Networks}},
  publisher = {Springer-Verlag},
  year = 2007,
  address = {},
  edition = {},
  volume = {},
  number = {},
  series = {LNCS 4621},
  month = {},
  note = {}
}

@ARTICLE{Sahni05,
  author = {Sahni, Sartaj and Xu, Xiaochun},
  title = {{Algorithms for Wireless Sensor Networks}},
  journal = {{International Journal on Distributed Sensor Network}},
  year = 2005,
  volume = 1,
  number = 1,
  pages = {35-56},
  month = {},
  note = {}
}

@ARTICLE{Boyd06,
  author = {Boyd, Stephen and Ghosh, Arpita and Prabhakar, Balaji and Shah, Devavrat},
  title = {{Randomized Gossip Algorithms}},
  journal = {{IEEE Transactions on Information Theory}},
  year = 2006,
  volume = 52,
  number = 6,
  pages = {2508-2530},
  month = jun,
  note = {}
}

@INPROCEEDINGS{Giudici08,
  author = {Giudici, Francesco and Pagani, Elena and Rossi, Gian Paolo},
  title = {{Impact of Mobility on Epidemic Broadcast in DTNs}},
  booktitle = {{Proceedings of the IFIP Joint Conference on Mobile and Wireless Communications Networks (MWCN'2008) and Personal Wireless Communications (PWC'2008)}},
  year = 2008,
  editor = {Mammeri, Zoubir},
  pages = {421-434},
  address = {Tolouse, France},
  organization = {},
  publisher = {},
  volume = {},
  number = {},
  series = {},
  month = sep,
  note = {}
}

@INPROCEEDINGS{deLemos95,
  author = {de Lemos, Roger and Alexander Romanovsky},
  title = {{Coordinated Atomic Actions in Modelling Object Cooperation}},
  editor = {},
  booktitle = {Proceedings of the 1st IEEE International Symposium on Object-Oriented Real-Time Distributed Computing},
  volume = 30,
  series = {Sigplan Notices},
  year = 1995,
  address = {Kyoto, Japan},
  organization = {},
  publisher = {},
  pages = {152-161},
  month = apr,
  note = {}
}

@INPROCEEDINGS{Wohlstadter03,
  author = {Eric Wohlstadter and Stoney Jackson and Premkumar Devanbu},
  title = {{DADO: Enhancing Middleware to Support Crosscutting Features in Distributed, Heterogeneous Systems}},
  editor = {},
  booktitle = {Proceedings of the 25th International Conference on Software Engineering (ICSE'03)},
  volume = {},
  series = {},
  year = 2003,
  address = {Portland, Oregon, USA},
  organization = {},
  publisher = {},
  pages = {174-186},
  month = {},
  note = {}
}

@BOOK{Orfali98,
  author = {Orfali, Robert and Harkey, Dan},
  title = {{Client/Server Programming with Java and CORBA}},
  volume = {},
  series = {},
  publisher = {John Wiley \& Sons, Inc.},
  address = {},
  edition = {second},
  month = {},
  year = 1998
}

@BOOK{Goff04,
  author = {Goff, Max},
  title = {{Network Distributed Computing: Fitscapes and Fallacies}},
  volume = {},
  series = {},
  publisher = {Prentice Hall PTR},
  address = {},
  edition = {},
  month = apr,
  year = 2004
}

@BOOK{Hughes99,
  author = {Merlin Hughes and Michael Shoffner and Derek Hamner},
  title = {{Java Network Programming}},
  volume = {},
  series = {},
  publisher = {Manning Publications Co.},
  address = {},
  edition = {second},
  month = may,
  year = 1999
}

@BOOK{Henning99,
  author = {Henning, Michi and Vinoski, Steve},
  title = {{Advanced \corba Programming with \cpp}},
  volume = {},
  series = {},
  publisher = {Addison-Wesley},
  address = {Reading, Massachusetts},
  edition = {},
  month = {},
  year = 1999
}

@BOOK{Barak93,
  author = {Barak, Ammon and Guday, Shai and Wheeler, Richard G.},
  title = {{The \textsf{MOSIX} Distributed Operating System, Load Balancing for \textsf{UNIX}}},
  volume = {672},
  series = {Lecture Notes in Computer Science},
  publisher = {Springer-Verlag},
  address = {},
  edition = {},
  month = {},
  year = 1993
}

@INPROCEEDINGS{Hauck01,
  author = {Franz J. Hauck and Ulrich Becker and Martin Geier and Erich Meier and Uwe Rastofer and Martin Steckrmeier},
  title = {{AspectIX: A Quality-Aware, Object-Based Middleware Architecture}},
  editor = {},
  booktitle = {Proceedings of the 3rd IFIP International Conference on Distributed Application and Interoperable System (DAIS 2001)},
  volume = {},
  series = {},
  year = 2001,
  address = {},
  organization = {},
  publisher = {Kluver},
  pages = {115-120},
  month = sep,
  note = {}
}

@INPROCEEDINGS{Kale93,
  author = {{Kal\'{e}}, Laxmikan V. and Krishnan, Sanjeev},
  title = {{CHARM++: A Portable Concurrent Object Oriented System Based on \cpp}},
  editor = {Paepcke, Andreas},
  booktitle = {Proceedings of \oopsla'93},
  volume = {10(28)},
  series = {Sigplan Notice},
  year = 1993,
  address = {},
  organization = {ACM Press},
  publisher = {},
  pages = {91-108},
  month = sep,
  note = {}
}

@ARTICLE{Carriero89,
  author = {Nicholas Carriero and David Gelernter},
  title = {{Linda in Context}},
  journal = cacm,
  editor = {},
  year = 1989,
  volume = 32,
  number = 4,
  pages = {444-458},
  publisher = {ACM},
  month = apr,
  note = {}
}

@ARTICLE{Halstead85,
  author = {Halstead Jr, Robert H.},
  title = {{Multilisp: A Language for Concurrent Symbolic Computation}},
  journal = toplas,
  editor = {},
  year = 1985,
  volume = 7,
  number = 4,
  pages = {501-538},
  publisher = {ACM},
  month = oct,
  note = {}
}

@INPROCEEDINGS{Katz90,
  author = {Morry Katz and Daniel Weise},
  title = {{Continuing into the Future: On the Interaction of Futures and First-Class Continuations}},
  editor = {},
  booktitle = {{Proceedings of the 1990 ACM Conference on Lisp and Functional Programming}},
  volume = {},
  series = {},
  year = 1990,
  address = {Nice, France},
  organization = {},
  publisher = {ACM Press},
  pages = {176-184},
  month = jun,
  note = {}
}

@INPROCEEDINGS{Felleisen88,
  author = {Matthias Felleisen},
  title = {{The Theory and Practice of First-Class Prompts}},
  editor = {},
  booktitle = {{Proceedings of the 15th Annual ACM Symposium on Principles of Programming Languages}},
  volume = {},
  series = {},
  year = 1988,
  address = {San Diego, California},
  organization = {ACM Press},
  publisher = {},
  pages = {180-190},
  month = jan,
  note = {}
}

@Article{Ahuja86,
  author = {Sudhir Ahuja and Nicholas Carriero and David Gelernter},
  title = {{Linda and Friends}},
  journal = {IEEE Computer},
  year = 1986,
  volume = 19,
  number = 8,
  pages = {26-34},
  month = aug
}

@InProceedings{Carriero88,
  author = {Nicholas Carriero and David Gelernter},
  title = {{Applications Experience with Linda}},
  booktitle = {{Proceedings of the ACM Symposium on Parallel Programming}},
  year = 1988,
  address = {New Haven, Connecticut, USA},
  pages = {173-187},
  month = jul
}

@INPROCEEDINGS{Carriero86,
  author = {Nicholas Carriero and David Gelernter and Jerrold Leichter},
  title = {{Distributed Data Structures in Linda}},
  booktitle = {{Proceedings of the 13th ACM Symposium on Principles of Programming Languages}},
  year = 1986,
  pages = {236-242},
  address = {St. Petersburg Beach, Florida, USA},
  month = jan
}

@InProceedings{Gelernter85,
  author = {David Gelernter and Nicholas Carriero and Sarat Chandran and Silva Chang},
  title = {{Parallel Programming in Linda}},
  booktitle = {Proceedings of the International Conference on Parallel Processing},
  year = 1985,
  pages = {255-263},
  organization = {IEEE},
  address = {St. Charles},
  month = aug
}

@ARTICLE{Gelernter85b,
  author = {Gelernter, David},
  title = {{Generative Communication in Linda}},
  journal = toplas,
  year = 1985,
  volume = 7,
  number = 1,
  pages = {80-112},
  month = jan,
  note = {}
}

@ARTICLE{Schmidt99,
  author = {Douglas C.\ Schmidt and Chris Cleeland},
  title = {{Applying Patterns to Develop Extensible ORB Middleware}},
  journal = {IEEE Communications Magazine Special Issue on Patterns},
  editor = {Linda Rising},
  year = 1999,
  volume = 37,
  number = 4,
  pages = {},
  publisher = {IEEE},
  month = apr,
  note = {}
}

@ARTICLE{Chandy85,
  author = {Chandy, K. Mani and Leslie Lamport},
  title = {{Distributed Snapshots: Determining Global States of Distributed Systems}},
  journal = {ACM Transactions on Computer Systems},
  editor = {},
  year = 1985,
  volume = 3,
  number = 1,
  pages = {63-75},
  publisher = {},
  month = feb,
  note = {}
}

@ARTICLE{Coulson02,
  author = {Geoff Coulson and Gordon S.\ Blair and Michael Clarke and Nikos Parlavantzas},
  title = {{The Design of a Configurable and Reconfigurable Middleware Platform}},
  journal = {Distributed Computing Journal},
  year = 2002,
  volume = 15,
  number = 2,
  pages = {109-126},
  publisher = {Springer-Verlag},
  month = apr,
  note = {}
}

@INPROCEEDINGS{Hey89,
  author = {Hey, Anthony J. G.},
  title = {{Experiments in MIMD Parallelism}},
  editor = {Eddy Odijk and Martin Rem and Jean-Claude Syre},
  booktitle = {Proceedings of Parallel Architectures and Languages Europe (PARLE'89)},
  number = {},
  series = {LNCS 366},
  year = 1989,
  address = {Eindhoven, The Netherlands},
  organization = {},
  publisher = {Springer-Verlag},
  pages = {28-42},
  month = jun,
  note = {}
}

@INPROCEEDINGS{Morgan99,
  author = {Graham Morgan and Santosh K. Shrivastava and Paul D. Ezhilchelvan and Mark C. Little},
  title = {{Design and Implementation of a \corba Fault-Tolerant Object Group Service}},
  editor = {},
  booktitle = {Proceedings of the 2nd IFIP Int'l Working Conference on Distributed Applications and Interoperable Systems},
  number = {},
  series = {},
  year = 1999,
  address = {Helsinki, Finland},
  organization = {},
  publisher = {},
  pages = {361-374},
  month = jun,
  note = {}
}

@BOOK{Arnold99,
  author = {Ken Arnold and  Bryan O'Sullivan and Robert W. Scheifler and Jim Waldo and Ann Wollrath},
  title = {{The Jini Specification}},
  volume = {},
  series = {The Jini Technology Series ... from the Source},
  publisher = {Addison-Wesley},
  address = {Reading, Massachusetts},
  edition = {},
  month = {},
  year = 1999,
  note = {},
}

@INPROCEEDINGS{Baratloo98,
  author = {Arash Baratloo and P. Emerald Chung and Yennun Huang and Sampath Rangarajan and Shalini Yajnik},
  title = {{\textsf{Filterfresh}: Transparent Hot Replication of Java Server Objects}},
  editor = {},
  booktitle = {Proceedings of the 4th USENIX Conference on Object-Oriented Technologies and Systems (COOTS'98)},
  number = {},
  series = {},
  year = 1998,
  address = {Santa Fe, New Mexico},
  organization = {},
  publisher = {},
  pages = {},
  month = apr,
  note = {}
}

@MISC{IBM-UDDI4J,
  author = {{IBM and HP}},
  title = {{UDDI4J Version 2.0}},
  howpublished = {},
  month = jan,
  year = 2003,
  pages = {},
  note = {Available at \url{http://www-124.ibm.com/developerworks/oss/uddi4j/}}
}

@ARTICLE{Birman93,
  author = {Kenneth P. Birman},
  title = {{The Process Group Approach to Reliable Distributed Computing}},
  journal = cacm,
  year = 1993,
  volume = 36,
  number = 12,
  pages = {36-53},
  month = dec,
  note = {}
  }

@INPROCEEDINGS{Montresor2001b,
  author = {Alberto Montresor and Renzo Davoli and {\"O}zalp Babao\u{g}lu},
  title = {{Enhancing Jini with Group Communication}},
  editor = {},
  booktitle = {Procedings of the ICDCS Workshop on Applied Reliable Group Communication (WARGC 2001)},
  number = {},
  series = {},
  year = 2001,
  address = {Phoenix, Arizona, USA},
  organization = {},
  publisher = {},
  pages = {},
  month = apr,
  note = {}
}

@TECHREPORT{Montresor99c,
  author = {Alberto Montresor and Renzo Davoli and {\"O}zalp Babao\u{g}lu},
  title = {{Group-Enhanced Remote Method Invocations}},
  institution = {Universit\`a degli Studi di Bologna},
  type = {Technical Report},
  number = {UBLCS 1999-05},
  address = {Bologna, Italy},
  year = 1999,
  month = apr,
  note = {}
}

@TECHREPORT{Maffeis97,
  author = {Maffeis, Silvano},
  title = {{\textsf{iBus} - The Java Intranet Software Bus}},
  institution = {Olsen and Associates},
  type = {Technical Report},
  number = {},
  address = {},
  year = 1997,
  month = apr,
  note = {}
}

@ARTICLE{Montresor2001,
  author = {Alberto Montresor and Renzo Davoli and {\"O}zalp Babao\u{g}lu},
  title = {{Middleware for Dependable Network Services in Partitionable Distributed Systems}},
  journal = {Operating Systems Review},
  year = 2001,
  volume = 35,
  number = 1,
  pages = {73-84},
  month = jan,
  note = {}
  }

@ARTICLE{VanRenesse96,
  author = {Van Renesse, Robbert and Birman, Kenneth P. and Maffeis, Silvano},
  title = {{\textsf{Horus}: A Flexible Group Communication System}},
  journal = cacm,
  year = 1996,
  volume = 39,
  number = 4,
  pages = {76-83},
  month = apr,
  note = {}
  }

@INPROCEEDINGS{Montresor99,
  author = {Alberto Montresor},
  title = {{A Reliable Registry for the \textsf{Jgroup} Distributed Object Model}},
  editor = {},
  booktitle = {Proceedings of the Third European Research Seminar on Advances in Distributed Systems (ERSADS '99)},
  number = {},
  series = {},
  year = 1999,
  address = {Madeira, Portugal},
  organization = {},
  publisher = {},
  pages = {},
  month = apr,
  note = {}
}

@INPROCEEDINGS{Montresor99b,
  author = {Alberto Montresor},
  title = {{The \textsf{Jgroup} Reliable Distributed Object Model}},
  editor = {},
  booktitle = {Proceedings of the 2nd IFIP WG 6.1 Int'l Working Conference on Distributed Applications and Interoperable Systems},
  number = {},
  series = {},
  year = 1999,
  address = {Helsinki, Finland},
  organization = {},
  publisher = {},
  pages = {},
  month = jun,
  note = {}
}

@ARTICLE{Blair2001,
  author = {Gordon S.\ Blair and Geoff Coulson and Anders Andersen and Lynne Blair and Michael Clarke and F{\'a}bio Costa and Hector Duran-Limon and Tom Fitzpatrick and Lee Johnston and Rui Moreira and Nikos Parlavantzas and Katia Saikoski},
  title = {{The Design and Implementation of Open ORB 2}},
  journal = {IEEE Distributed Systems On-Line: Special Issue on Reflective Middleware},
  year = 2001,
  volume = 2,
  number = 6,
  pages = {},
  month = {},
  note = {\url{http://computer.org/dsonline/0106/features/bla0106_1.htm}}
}

@ARTICLE{Coulson08,
  author = {Coulson, Geoff and Blair, Gordon and Grace, Paul and Taiani, Fran\c{c}ois and Joolia, Ackbar and Lee, Kevin and Ueyama, Jo and Sivaharan, Thirunavukkarasu},
  title = {{A Generic Component Model for Building Systems Software}},
  journal = {{ACM Transactions on Computer Systems}},
  year = 2008,
  volume = 26,
  number = 1,
  pages = {1-29},
  month = feb,
  note = {}
}

@INPROCEEDINGS{Clarke99,
  author = {Michael Clarke and Geoff Coulson},
  title = {{An Explicit Binding Model for Runtime Extensible Operating Systems}},
  editor = {},
  booktitle = {Proceedings of the Workshop on Object-Oriented Operating System at \ecoop{'99}},
  number = {},
  series = {},
  year = 1999,
  address = {Lisbon, Portugal},
  organization = {},
  publisher = {},
  pages = {},
  month = jun,
  note = {}
}

@INPROCEEDINGS{Nester99,
  author = {Christian Nester and Michael Philippsen and Bernhard Haumacher},
  title = {{A More Efficient RMI for Java}},
  editor = {},
  booktitle = {Proceedings of ACM 1999 Java Grande Conference},
  number = {},
  series = {},
  year = 1999,
  address = {San Francisco, California},
  organization = {},
  publisher = {},
  pages = {152-157},
  month = jun,
  note = {}
}

@ARTICLE{Philippsen97,
  author = {Michael Philippsen and Matthias Zenger},
  title = {{\textsf{JavaParty} - Transparent Remote Objects in Java}},
  journal = {Concurrency: Practice and Experience},
  year = 1997,
  volume = 9,
  number = 11,
  pages = {1225-1242},
  month = {},
  note = {}
  }

@INPROCEEDINGS{Tomlinson89,
  author = {Chris Tomlinson and Vineet Singh},
  title = {{Inheritance and Synchronization with Enabled-Sets}},
  editor = {ACM Press},
  booktitle = {Proceedings of \oopsla{'89}},
  number = 24,
  series = {Sigplan Notices},
  year = 1989,
  address = {},
  organization = {},
  publisher = {},
  pages = {103-112},
  month = oct,
  note = {}
}

@ARTICLE{Liang90,
  author = {Luping Liang and Samuel T.\ Chanson and Gerald W.\ Neufeld},
  title = {{Process Groups and Group Communications: Classifications and Requirements}},
  journal = {IEEE Computer},
  year = 1990,
  volume = 23,
  number = 2,
  pages = {56-66},
  month = feb,
  note = {}
}

@ARTICLE{Lamport78,
  author = {Leslie Lamport},
  title = {{Time and Clocks and the Ordering of Events in a Distributed System}},
  journal = cacm,
  year = 1978,
  volume = 21,
  number = 7,
  pages = {558-565},
  month = jul,
  note = {}
}

@ARTICLE{Spector86,
  author = {Alfred Z. Spector and Joshua J. Bloch and Dean S. Daniels and Richard Draves and Dan Duchamp and Jeffrey L. Eppinger and Sherri G. Menees and Dean S. Thompson},
  title = {{The Camelot Project}},
  journal = {Database Engineering Bulletin},
  year = 1986,
  volume = 9,
  number = 3,
  pages = {23-34},
  month = {},
  note = {}
}

@ARTICLE{Powell91,
  author = {David Powell and  Marc Ch\'er\`eque and David Drackley},
  title = {{Fault-Tolerance in Delta-4}},
  journal = {Operating Systems Review},
  year = 1991,
  volume = 25,
  number = 2,
  pages = {122-125},
  month = {},
  note = {}
}

@MISC{jGuru,
  author = {{jGuru}},
  title = {{Fundamentals of RMI (Short Course)}},
  howpublished = {Available on \url{http://developer.java.sun.com/developer/onlineTraining/rmi/RMI.html}},
  month = {},
  year = {},
  pages = {},
  note = {},
}

@MISC{Coulson2000,
  author = {Geoff Coulson},
  title = {{What is Reflective Middleware?}},
  howpublished = {In IEEE Distributed Systems On-Line},
  month = {},
  year = {2000},
  pages = {},
  note = {\url{http://boole.computer.org/dsonline/middleware/RM.htm}},
}

@INPROCEEDINGS{Banino85,
  author = {Jean-Serge Banino and Jean-Charles Fabre and M. Guillemont and G\'erard Morisset and Marc Rozier},
  title = {{Some Fault-Tolerant Aspects of the \pag{CHORUS} Distributed Systems}},
  editor = {},
  booktitle = {{Prooceedings of IEEE 5th International Conference on Distributed Computing Systems}},
  series = {},
  number = {},
  publisher = {},
  address = {},
  edition = {},
  month = may,
  year = 1985,
  pages = {430-437},
  note = {},
}

@ARTICLE{Mullender86,
  author = {Sape J. Mullender and Andrew S. Tanenbaum},
  title = {{The Design of a Capability-Based Distributed Operating System}},
  journal = {The Computer Journal},
  year = 1986,
  volume = 29,
  number = 4,
  pages = {289-300},
  month = mar,
  note = {}
}

@ARTICLE{Liskov88,
  author = {Liskov, Barbara},
  title = {{Distributed Programming in Argus}},
  journal = cacm,
  publisher = {ACM},
  year = 1988,
  volume = 31,
  number = 3,
  pages = {300-312},
  month = mar,
  note = {}
}

@ARTICLE{Bernstein81,
  author = {Philip A. Bernstein and Nathan Goodman},
  title = {{Concurrency Control in Distributed Database Systems}},
  journal = {ACM Computing Surveys},
  year = 1981,
  volume = 13,
  number = 2,
  pages = {185-221},
  month = jun,
  note = {}
}

@INPROCEEDINGS{Black86,
  author = {Andrew P. Black and Norman C. Hutchinson and Eric Jul and Henry M. Levy},
  title = {{Object Structure in the Emerald System}},
  editor = {},
  booktitle = {{Prooceedings of the ACM Conference on Object-Oriented Programming Systems, Languages and Applications (\oopsla'86)}},
  series = {Sigplan Notices},
  number = {21(11)},
  publisher = {},
  address = {},
  edition = {},
  month = nov,
  year = 1986,
  pages = {78-86},
  note = {},
}

@INPROCEEDINGS{Aldrich98,
  author = {Jonathan Aldrich and James Dooley and Scott Mandelsohn and Adam Rifkin},
  title = {{Providing Easier Access to Remote Objects in Client-Server Systems}},
  editor = {},
  booktitle = {Proceedings of the 31th Hawaii International Conference on System Sciences},
  number = {},
  series = {},
  year = 1998,
  address = {},
  organization = {},
  publisher = {},
  pages = {},
  month = jan,
  note = {}
}

@ARTICLE{Black87,
  author = {Black, Andrew P. and Hutchinson, Norman C. and Jul, Eric and Levy, Henry and Carter, Larry},
  title = {{Distribution and Abstract Types in Emerald}},
  journal = ieeese,
  publisher = {IEEE},
  year = 1987,
  volume = 13,
  number = 1,
  pages = {65--76},
  month = jan,
  note = {}
}


@INCOLLECTION{Whetten95,
  author = {Brian Whetten and Todd Montgomery and Simon Kaplan},
  title = {{A High Performance Totally Ordered Multicast Protocol}},
  editor = {Kenneth P. Birman and Friedemann Mattern and Andr\'e Schiper},
  booktitle = {{Theory and Practice in Distributed Systems}},
  series = {LNCS 938},
  number = {},
  publisher = {Springer-Verlag},
  address = {Berlin, Heidelberg},
  edition = {},
  month = apr,
  year = 1995,
  type = {},
  chapter = {},
  pages = {33-57},
  note = {},
}

@ARTICLE{Chin91,
  author = {Roger S. Chin and Samuel T. Chanson},
  title = {{Distribuited Object-Based Programming Systems}},
  journal = {ACM Computing Surveys},
  year = 1991,
  volume = 23,
  number = 1,
  pages = {91-124},
  month = mar,
  note = {}
}

@ARTICLE{Parrington95,
  author = {Graham D. Parrington and Santosh K. Shrivastava and Stuart M. Wheater and Mark C. Little},
  title = {{The Design and Implementation of Arjuna}},
  journal = {USENIX Computing Systems Journal},
  year = 1995,
  volume = 8,
  number = 3,
  pages = {255-308},
  month = jul,
  note = {}
}

@ARTICLE{Birrell84,
  author = {Andrew D.\ Birrell and Bruce Jay Nelson},
  title = {{Implementing Remote Procedure Calls}},
  journal = {ACM Transactions on Computer Systems},
  year = 1984,
  volume = 2,
  number = 1,
  pages = {39-59},
  month = feb,
  note = {}
}

@TECHREPORT{SunRMI98,
  author = {{SUN Microsystems}},
  title = {{Java{}\texttrademark{} Remote Method Invocation - Distributed Computing for Java}},
  institution = {SUN Microsystems},
  type = {White Paper},
  number = {},
  address = {},
  year = 1998,
  month = {},
  note = {Internet Publication - \url{http://www.sun.com}}
}

@TECHREPORT{SunRMI-IIOP99,
  author = {{SUN Microsystems}},
  title = {{Java{}\texttrademark{} RMI over IIOP}},
  institution = {SUN Microsystems},
  type = {White Paper},
  number = {},
  address = {},
  year = 1999,
  month = {},
  note = {Internet Publication - \url{http://java.sun.com}}
}

@ARTICLE{VanSteen98,
  author = {van Steen, Marteen and Hauck, Franz J. and Homburg, Philip and Tanenbaum, Andrew S.},
  title = {{Locating Objects in Wide-Area Systems}},
  pages = {104--109},
  journal = {IEEE Communications Magazine},
  volume = 36,
  number = 1,
  month = jan,
  year = 1998,
  note = {}
}

@TECHREPORT{Srinivasan95,
  author = {Raj Srinivasan},
  title = {{RPC: Remote Procedure Call Protocol Specification Version 2}},
  institution = {SUN Microsystems},
  type = {RFC},
  number = 1831,
  address = {},
  year = 1995,
  month = aug,
  note = {}
}

@INCOLLECTION{Wakita95,
  author = {Ken Wakita},
  title = {{First Class Continuation Facilities in Concurrent Programming Language Harmony/2}},
  editor = {Takayasu Ito and Akinori Yonezawa},
  booktitle = {{Theory and Practice of Parallel Programming: Proceedings of the International Workshop TPPP'94}},
  series = {LNCS 907},
  number = {},
  publisher = {Springer-Verlag},
  address = {Berlin, Heidelberg},
  edition = {},
  month = nov,
  year = 1995,
  type = {},
  chapter = {},
  pages = {300-319},
  note = {},
}

@MASTERTHESIS{Slottow97,
  author = {Slottow, Edward C.},
  title = {{Engineering a Global Resolution Service}},
  school = {Laboratory for Computer Science, Massachusetts Institute of Technology},
  number = "MIT-LCS-TR-712",
  year = 1997,
  month = jun,
  address = {Cambrige, Massachusetts},
  annote = {}
}

@MISC{Montgomery96,
  author = {Todd Montgomery},
  title = {{RMP - Reliable Multicast Protocol version 2}},
  howpublished = {Document Available from \url{http://research.ivv.nasa.gov/projects/RMP/index.html}},
  month = oct,
  year = 1996,
  pages = {},
  note = {},
}

@INCOLLECTION{Spector89,
  author = {Alan Z. Spector},
  title = {{Distributed Transaction Processing Facilities}},
  booktitle = {{Distributed Systems}},
  editor = {Sape Mullender},
  publisher = {ACM Press},
  address = {},
  edition = {first},
  month = {},
  year = 1989,
  type = {},
  chapter = 10,
  pages = {191-214},
  note = {},
}

@INCOLLECTION{Needham89,
  author = {Roger M. Needham},
  title = {{Names}},
  booktitle = {{Distributed Systems}},
  editor = {Sape Mullender},
  publisher = {ACM Press},
  address = {},
  edition = {first},
  month = {},
  year = 1989,
  type = {},
  chapter = 5,
  pages = {89-101},
  note = {},
}

@TECHREPORT{PVM3,
  author = {Al Geist and Adam Beguelin and Jack Dongarra and Weicheng Jiang and Robert Manchek and Vaidy Sunderam},
  title = {{PVM 3 User's Guide and Reference Manual}},
  institution = {Oak Ridge National Laboratory},
  type = {Technical Report},
  number = {ORNL/TM-12187},
  address = {Oak Ridge, Tennesee 37831},
  year = 1994,
  month = may,
  note = {}
}

@TECHREPORT{Gorzig99,
  author = {Steffen G\"orzig},
  title = {{\cpp Interface to \pvm}},
  institution = {University of St\"{u}ttgart},
  type = {Technical Report},
  number = {},
  address = {Germany},
  year = 1999,
  month = {},
  note = {}
}

@TECHREPORT{ISIS90,
  author = {Kenneth P.\ Birman and Robert Cooper and Thomas A. Joseph and Keith Marzullo and Mesaac Makpoungu and Kenneth Kane and Frank Schmuck and Mark D. Wood},
  title = {{The ISIS System Manual V2.0}},
  institution = {Cornell University's Computer Science Department},
  type = {Technical Report},
  number = {},
  address = {},
  year = 1990,
  month = may,
  note = {}
}

@TECHREPORT{OSF-DCE,
  author = {{Open Software Foundation}},
  title = {{Introduction to \textsf{OSF DCE}}},
  institution = {Open Software Foundation},
  type = {},
  number = {},
  address = {Cambridge, USA},
  year = 1992,
  month = {},
  note = {}
}

@TECHREPORT{CORBA2,
  author = {{Object Management Group}},
  title = {{Common Object Request Broker Architecture and Specification}},
  institution = {OMG},
  type = {},
  number = {96.3.4 Revision 2.0},
  address = {},
  year = 1995,
  month = {},
  note = {}
}

@TECHREPORT{OMG98,
  author = {{Object~Management~Group}},
  title = {{The Common Object Request Broker: Architecture and Specification}},
  institution = {OMG},
  type = {formal-document},
  number = {98-07-01 Revision 2.2},
  address = {},
  year = 1998,
  month = feb,
  note = {}
}

@TECHREPORT{CORBA,
  author = {{Object~Management~Group}},
  title = {{The Common Object Request Broker: Architecture and Specification}},
  institution = {OMG},
  type = {},
  number = {93.12.1 Revision 1.2},
  address = {},
  year = 1993,
  month = dec,
  note = {}
}

@TECHREPORT{CORBA-2002,
  author = {{Object~Management~Group}},
  title = {{Common Object Request Broker Architecture: Core Specification}},
  institution = {OMG},
  type = {},
  number = {2002.12.06 Revision V.3.0.2},
  address = {},
  year = 2002,
  month = dec,
  note = {}
}

@TECHREPORT{CORBA-2001,
  author = {{Object~Management~Group}},
  title = {{The Common Object Request Broker: Architecture and Specification}},
  institution = {OMG},
  type = {},
  number = {2001.02.01 Revision V.2.4.2},
  address = {},
  year = 2001,
  month = feb,
  note = {}
}

@TECHREPORT{IBM94,
  author = {IBM},
  title = {{SOMobjects Developer Toolkit Reference Manual}},
  institution = {IBM},
  type = {Reference Manual},
  number = {Version 2.1},
  address = {},
  year = 1994,
  month = oct,
  note = {}
}

@BOOK{Gray93,
  author = {Jim Gray and Andreas Reuter},
  title = {{Transaction Processing: Concepts and Techniques}},
  volume = {},
  series = {},
  publisher = {Morgan Kaufmann Publishers, Inc.},
  address = {},
  edition = {},
  month = {},
  year = 1993,
  note = {},
}

@BOOK{Tanenbaum95,
  author = {Andrew S. Tanenbaum},
  title = {{Distributed Operating Systems}},
  volume = {},
  series = {},
  publisher = {Prantice-Hall},
  address = {},
  edition = {},
  month = {},
  year = 1995,
  note = {},
}

@BOOK{Birman94,
  author = {Kenneth P.\ Birman and Van Renesse, Robbert},
  title = {{Reliable Distributed Computing with the \textsf{ISIS} Toolkit}},
  volume = {},
  series = {},
  publisher = {IEEE Computer Society Press},
  address = {},
  edition = {},
  month = {},
  year = 1994,
  note = {},
}

@BOOK{Agha86,
  author = {Gul Agha},
  title = {{Actors: A Model of Concurrent Computation in Distributed Systems}},
  volume = {},
  series = {},
  publisher = {MIT Press},
  address = {Cambridge},
  edition = {},
  month = {},
  year = 1986,
  note = {},
}

@ARTICLE{Adler95,
  author = {Richard M. Adler},
  title = {{Distributed Coordination Models for Client$\vert$Ser\-ver Computing}},
  journal = ieeetc,
  year = 1995,
  volume = {},
  pages = {14-22},
  month = apr,
  note = {}
}

@ARTICLE{Briot98,
  author = {Jean-Pierre Briot and Rachid Guerraoui and Klaus-Peter L\"ohr},
  title = {{Concurrency and Distribution in Object-Oriented Programming}},
  journal = acmcs,
  year = 1998,
  volume = 30,
  number = 3,
  pages = {291-329},
  month = sep,
  note = {}
}

@ARTICLE{Fayad99,
  author = {Mohamed E.\ Fayad and Rachid Guerraoui},
  title = {{OO Distributed Programming Is Not Distributed OO Programming}},
  journal = cacm,
  year = 1999,
  volume = 42,
  number = 4,
  pages = {101-104},
  month = apr,
  note = {}
}

@TECHREPORT{WebServices03,
  author = {David Booth and Michael Champion and Chris Ferris and Francis McCabe and Eric Newcomer and David Orchard},
  title = {{Web Services Architecture}},
  year = 2003,
  month = may,
  type = {{Technical Report}},
  note = {Available at \url{http://www.w3.org/TR/2003/WD-ws-arch-20030514/}}
}

@TECHREPORT{UDDI00,
  author = {{UDDI.org}},
  title = {{UDDI: Universal Description, Discovery and Integration}},
  type = {White Paper},
  year = 2000,
  month = sep,
  note = {Available at \url{http://www.uddi.org/pubs/Iru_UDDI_Technical_White_Paper.pdf}}
}

@MISC{Salutation99,
  author = {{The~Salutation~Consortium}},
  title = {{Salutation Architecture Specification Version 2.1}},
  year = 1999,
  note = {Available at \url{http://www.salutation.org}},
  month = {}
}

@TECHREPORT{Veizades97,
  author = {John Veizades and Erik Guttman and Charles Perkins and Scott Kaplan},
  title = {{Service Location Protocol}},
  year = 1997,
  month = jun,
  type = {{IETF RFC 2165}}
}

@TECHREPORT{Jawanda98,
  author = {Jastinder Jawanda},
  title = {{Mobile Service Discovery over Wireless Links}},
  year = 1998,
  month = nov,
  type = {{Internet Draft}}
}

@INPROCEEDINGS{Blair98,
  author = {Blair, Gordon S. and Coulson, Geoff and Robin, Phillippe and Papathomas, Michael},
  title = {{An Architecture for Next Generation Middleware}},
  booktitle = {{Proceedings of the IFIP International Conference on Distributed Systems Platforms and Open Distributed Processing (Middleware'98)}},
  year = 1998,
  editor = {Davies, Nigel and Raymond, Kerry},
  pages = {191--206},
  address = {Lancaster, UK},
  organization = {},
  publisher = {Springer},
  volume = {},
  number = {},
  series = {},
  month = sep,
  note = {}
}

@ARTICLE{Blair01,
  author = {Blair, Gordon S. and Coulson, Geoff and Andersen, Anders and Blair, Lynne and Clarke, Michael and Costa, Fabio and Duran-Limon, Hector and Fitzpatrick, Tom and Johnston, Lee and Moreira, Rui and Parlavantzas, Nikos and Saikoski, Katia},
  title = {{The Design and Implementation of Open ORB 2}},
  journal = {{Journal IEEE Distributed Systems Online}},
  year = 2001,
  volume = 2,
  number = {},
  pages = {},
  month = jun,
  note = {}
}

@INPROCEEDINGS{David02,
  author = {David, Pierre-Charles and Ledoux, Thomas},
  title = {{An Infrastructure for Adaptable Middleware}},
  booktitle = {{Proceedings of the International Symposium on Distributed Objects and Applications (DOA'02)}},
  year = 2002,
  editor = {Guerraoui, Rachid and Loyall, Joe and Schmidt, Douglas C.},
  pages = {773--790},
  address = {},
  organization = {},
  publisher = {Springer},
  volume = {},
  number = {},
  series = {Lecture Notes in Computer Science 2519},
  month = oct,
  note = {}
}

@ARTICLE{Blair00,
  author = {Blair, Gordon S. and Andersen, Anders and Blair, Lynne and Coulson, Geoff and S\'anchez, D.},
  title = {{Supporting Dynamic QoS Management Functions in a Reflective Middleware Platform}},
  journal = {{IEE Software Proceedings}},
  publisher = {IET},
  year = 2000,
  volume = 147,
  number = 1,
  pages = {13--21},
  month = feb,
  note = {}
}

@ARTICLE{Flynn72,
  author = {Flynn, Michael J.},
  title = {{Some Computer Organizations and Their Effectiveness}},
  journal = {{IEEE Transactions on Computers}},
  publisher = {IEEE},
  year = 1972,
  volume = 21,
  number = 9,
  pages = {948--960},
  month = sep,
  note = {}
}

@ARTICLE{Badica17,
  author = {B\u{a}dic\u{a}, Amelia and B\u{a}dic\u{a}, Costin},
  title = {{Formal Framework for Distributed Swarm Computing: Abstract Model and Properties}},
  journal = {{Soft Computing}},
  publisher = {Springer},
  year = 2017,
  volume = 21,
  number = 17,
  pages = {4925--4938},
  month = sep,
  note = {}
}

@ARTICLE{Jiang15,
  author = {Jiang, Zhen Ming and Hassan, Ahmed E.},
  title = {{A Survey on Load Testing of Large-Scale Software Systems}},
  journal = ieeese,
  publisher = {IEEE},
  year = 2015,
  volume = 41,
  number = 11,
  pages = {1091--1118},
  month = nov,
  note = {}
}

@ARTICLE{Chechina17,
  author = {Chechina, Natalia and MacKenzie, Kenneth and Thompson, Simon and Trinder, Phil and Boudeville, Olivier and F\"ord\H{o}s, Vikt\'oria and Hoch, Csaba and Ghaffari, Amir and Moro Hernandez, Mario},
  title = {{Evaluating Scalable Distributed Erlang for Scalability and Reliability}},
  journal = {{IEEE Transactions on Parallel and Distributed Systems}},
  publisher = {IEEE},
  year = 2017,
  volume = 28,
  number = 8,
  pages = {2244--2257},
  month = aug,
  note = {}
}

@ARTICLE{Trinder17,
  author = {Trinder, Phil and Chechina, Natalia and Papaspyrous, Nikolaos and Sagonas, Kostantinos and Thompson, Simon J. and Adams, Stephen and Aronis, Stavros and Baker, Robert and Bihari, Eva and Boudeville, Olivier and Cesarini, Francesco and Di Stefano, Maurizio and Eriksson, Sverker and  F\"ord\H{o}s, Vikt\'oria and Ghaffari, Amir and Giantsios, Aggelos and Green, Rickard and Hoch, Csaba and Klaftenegger, David and Li, Huiqing and Lundin, Kenneth and MacKenzie, Kenneth and Roukounaki, Katerina and Tsiouris, Yiannis and Winblad, Kjell},
  title = {{Scaling Reliably: Improving the Scalability of the Erlang Distributed Actor Platform}},
  journal = toplas,
  publisher = {ACM},
  year = 2017,
  volume = 39,
  number = 4,
  pages = {17:1--17:46},
  month = sep,
  note = {}
}

@BOOK{HAlili08,
  author = {Halili, Emily H.},
  editor = {},
  title = {{Apache JMeter: A Practical Beginner's Guide to Automated Testing and Performance Measurement for Your Websites}},
  publisher = {Packt Publishing},
  year = 2008,
  address = {},
  edition = {},
  volume = {},
  number = {},
  series = {},
  month = jun,
  note = {}
}

@INPROCEEDINGS{Klophaus10,
  author = {Klophaus, Rusty},
  title = {{Riak Core: Building Distributed Applications without Shared State}},
  booktitle = {{Proceedings of the ACM Commercial Users of Functional Programming (CUFP'10)}},
  year = 2010,
  editor = {},
  pages = {14:1--14:1},
  address = {Baltimore, Maryland, USA},
  organization = {},
  publisher = {ACM},
  volume = {},
  number = {},
  series = {},
  month = oct,
  note = {}
}

@INPROCEEDINGS{VanHoorn12,
  author = {van Hoorn, Andr\'e and Waller, Jan and Hasselbring, Wilheim},
  title = {{Kieker: A Framework for Application Performance Monitoring and Dynamic Software Analysis}},
  booktitle = {{Proceedings of the 3rd International Conference on Performance Engineering (ICPE'12)}},
  year = 2012,
  editor = {John, Lizy and Krishnamurthy, Diwakar},
  pages = {247--248},
  address = {Boston, MA, USA},
  organization = {},
  publisher = {ACM},
  volume = {},
  number = {},
  series = {},
  month = apr,
  note = {}
}

@INPROCEEDINGS{Ho07,
  author = {Ho, Chin-Wei and Williams, Laurie A. and Ant\'on, Annie I.},
  title = {{Improving Performance Requirements Specifications from Field Failure Reports}},
  booktitle = {{Proceedings of the 15th IEEE International Requirements Engineering Conference (RE'07)}},
  year = 2007,
  editor = {Sutcliffe, Alistair and Jalote, Pankaj},
  pages = {79--88},
  address = {New Delhi},
  organization = {},
  publisher = {IEEE},
  volume = {},
  number = {},
  series = {},
  month = oct,
  note = {}
}

@INPROCEEDINGS{Huebner00,
  author = {Huebner, Frank and Meier-Hellstern, Kathleen and Reeser, Paul},
  title = {{Performance Testing for IP Services and Systems}},
  booktitle = {{Proceedings of the 1st German Workshop on Performance Engineering within Software Development (GWPSED'00)}},
  year = 2000,
  editor = {Dumke, Reiner and Rautenstrauch, Claus and Schmietendorf, Andreas and Scholz, Andr\'e},
  pages = {283--299},
  address = {Darmstadt, Germany},
  organization = {},
  publisher = {Springer},
  volume = {},
  number = {},
  series = {Lecture Notes in Computer Science 2047},
  month = may,
  note = {}
}

@INPROCEEDINGS{Malik13,
  author = {Malik, Haroon and Hemmati, Hadi and Hassan, Ahmed E.},
  title = {{Automatic Detection of Performance Deviations in the Load Testing of Large Scale Systems}},
  booktitle = {{Proceedings of the 35th International Conference on Software Engineering (ICSE'13)}},
  year = 2013,
  editor = {Notkin, David and Cheng, Betty H. C. and Pojl, Klaus},
  pages = {1012--1021},
  address = {San Francisco, CA, USA},
  organization = {},
  publisher = {IEEE},
  volume = {},
  number = {},
  series = {},
  month = may,
  note = {}
}

@INPROCEEDINGS{Woodside07,
  author = {Woodside, Murray and Franks, Greg and Petriu, Dorina C.},
  title = {{The Future of Software Performance Engineering}},
  booktitle = {{Proceedings of the International Conference on the Future of Software Engineering (FOSE'07)}},
  year = 2007,
  editor = {Briand, Lionel C. and Wolf, Alexander L.},
  pages = {171--187},
  address = {Minneapolis, MN, USA},
  organization = {},
  publisher = {IEEE},
  volume = {},
  number = {},
  series = {},
  month = may,
  note = {}
}

@BOOK{Cesarini16,
  author = {Cesarini, Francesco and Vinoski, Steve},
  editor = {},
  title = {{Designing for Scalability with Erlang/OTP: Implementing Robust, Fault-Tolerant Systems}},
  publisher = {O'Really Media},
  year = 2016,
  address = {},
  edition = {},
  volume = {},
  number = {},
  series = {},
  month = may,
  note = {}
}

@ARTICLE{Vinoski97,
  author = {Vinoski, Steve},
  title = {{CORBA: Integrating Diverse Applications within Distributed Heterogeneous Environments}},
  journal = {{IEEE Communications Magazine}},
  publisher = {IEEE},
  year = 1997,
  volume = 35,
  number = 2,
  pages = {46--55},
  month = feb,
  note = {}
}

@ARTICLE{Weisenburger20,
  author = {Weisenburger, Pascal and Wirth, Johannes and Salvaneschi, Guido},
  title = {{A Survey of Multitier Programming}},
  journal = {{ACM Computer Surveys}},
  publisher = {ACM},
  year = 2020,
  volume = {},
  number = {},
  pages = {},
  month = {},
  note = {}
}

@INPROCEEDINGS{Chan07,
  author = {Chan, Luther and Yong, James and Bai, Jiaqiang and Leong, Ben},
  title = {{Hydra: A Massively-Multiplayer Peer-to-Peer Architecture for the Game Developer}},
  booktitle = {{Proceedings of 6th Workshop on Network and System Support for Games (NETGAMES'07)}},
  year = 2007,
  editor = {Armitage, Grenville},
  pages = {37--42},
  address = {Melbourne, Australia},
  organization = {},
  publisher = {ACM},
  volume = {},
  number = {},
  series = {},
  month = sep,
  note = {}
}

@INPROCEEDINGS{Assiotis06,
  author = {Assiotis, Marios and Tzanov, Velin},
  title = {{A Distributed Architecture for MMORPG}},
  booktitle = {{Proceedings of 5th Workshop on Network and System Support for Games (NETGAMES'06)}},
  year = 2006,
  editor = {Cheok, Adrian David and Ishibashi, Yutaka},
  pages = {4--es},
  address = {Singapore},
  organization = {},
  publisher = {ACM},
  volume = {},
  number = {},
  series = {},
  month = oct,
  note = {}
}

@ARTICLE{Baughman07,
  author = {Baughman, Nathaniel E. and Liberatore, Marc and Levine, Brian Neil},
  title = {{Cheat-Proof Playout for Centralized and Peer-to-Peer Gaming}},
  journal = {{IEEE/ACM Transactions on Networking}},
  publisher = {IEEE},
  year = 2007,
  volume = 15,
  number = 1,
  pages = {1--13},
  month = feb,
  note = {}
}

@INPROCEEDINGS{Aronis12,
  author = {Aronis, Stavros and Papaspyrou, Nikolaos and Roukounaki, Katerina and Sagonas, Kostantinos and Tsiouris, Yiannis and Venetis, Iannis E.},
  title = {{A Scalability Benchmark Suite for Erlang/OTP}},
  booktitle = {{Proceedings of the 11th Workshop on Erlang (Erlang'12)}},
  year = 2012,
  editor = {Hoffman, Torben and Hughes, John},
  pages = {33--42},
  address = {Copenhagen, Denmark},
  organization = {},
  publisher = {ACM},
  volume = {},
  number = {},
  series = {},
  month = sep,
  note = {}
}

@INPROCEEDINGS{Mukund14,
  author = {Mukund, Madhavan and Shenoy R., Gautham and Suresh, S. P.},
  title = {{Optimized OR-Sets without Ordering Constraints}},
  booktitle = {{Proceedings of the 15th International Conference on Distributed Computing and Networking (ICDCN'14)}},
  year = 2014,
  editor = {Chatterjee, Mainak and Cao, Jian-nong and Kothapalli, Kishore and Rajsbaum, Sergio},
  pages = {227--241},
  address = {Coimbatore, India},
  organization = {},
  publisher = {Springer},
  volume = {},
  number = {},
  series = {Lecture Notes in Computer Science 8314},
  month = jan,
  note = {}
}

@ARTICLE{Mukund03,
  author = {Mukund, Madhavan and Kumar, K. Narayan and Sohoni, Milind},
  title = {{Bounded Time-Stamping in Message-Passing Systems}},
  journal = {{Theoretical Computer Science}},
  publisher = {Elsevier},
  year = 2003,
  volume = 290,
  number = 1,
  pages = {221--239},
  month = jan,
  note = {}
}

@INPROCEEDINGS{Liu08,
  author = {Liu, Huey-Ing and Lo, Yun-Ting},
  title = {{DaCAP---A Distributed Anti-Cheating Peer to Peer Architecture for Massive Multiplayer On-Line Role Playing Game}},
  booktitle = {{Proceedings of the 8th International Symposium on Cluster Computing and the Grid (CCGRID'08)}},
  year = 2008,
  editor = {Priol, Thierry},
  pages = {},
  address = {Lyon, France},
  organization = {},
  publisher = {IEEE},
  volume = {},
  number = {},
  series = {},
  month = may,
  note = {}
}

@INPROCEEDINGS{Gustavsson05,
  author = {Gustavsson, Sanny and Andler, Sten F.},
  title = {{Decentralized and Continuous Consistency Management in Distributed Real-Time Databases with Multiple Writers of Replicated Data}},
  booktitle = {{Proceedings of the International Workshop on Parallel and Distributed Real-Time Systems (WPDRTS'05)}},
  year = 2005,
  editor = {Di Pippo, Lisa and Kalogeraki, Vana},
  pages = {},
  address = {Denver, CO, USA},
  organization = {},
  publisher = {IEEE},
  volume = {},
  number = {},
  series = {},
  month = apr,
  note = {}
}

@INPROCEEDINGS{Chen06b,
  author = {Chen, Alvin and Muntz, Richard R.},
  title = {{Peer Clustering: A Hybrid Approach to Distributed Virtual Environments}},
  booktitle = {{Proceedings of 5th Workshop on Network and System Support for Games (NETGAMES'06)}},
  year = 2006,
  editor = {Cheok, Adrian David and Ishibashi, Yutaka},
  pages = {},
  address = {Singapore},
  organization = {},
  publisher = {ACM},
  volume = {},
  number = {},
  series = {},
  month = oct,
  note = {}
}

@INPROCEEDINGS{Hampel06,
  author = {Hampel, Thorsten and Bopp, Thomas and Hinn, Robert},
  title = {{A Peer-to-Peer Architectures for Massively Multiplayer Online Games}},
  booktitle = {{Proceedings of 5th Workshop on Network and System Support for Games (NETGAMES'06)}},
  year = 2006,
  editor = {Cheok, Adrian David and Ishibashi, Yutaka},
  pages = {},
  address = {Singapore},
  organization = {},
  publisher = {ACM},
  volume = {},
  number = {},
  series = {},
  month = oct,
  note = {}
}

@ARTICLE{Yahyavi13,
  author = {Yahyavi, Amir and Kemme, Bettina},
  title = {{Peer-to-Peer Architectures for Massively Multiplayer Online Games: A Survey}},
  journal = {{ACM Computing Surveys}},
  publisher = {ACM},
  year = 2013,
  volume = 46,
  number = 1,
  pages = {},
  month = jul,
  note = {}
}

@INPROCEEDINGS{Weil06,
  author = {Weil, Sage A. and Brandt, Scott A. and Miller, Ethan L. and Maltzahn, Carlos},
  title = {{CRUSH: Controlled, Scalable, Decentralized Placement of Replicated Data}},
  booktitle = {{Proceedings of the ACM/IEEE Conference on Supercomputing (SC'06)}},
  year = 2006,
  editor = {Horner-Miller, Barbara},
  pages = {},
  address = {Tampa, FL, USA},
  organization = {},
  publisher = {ACM},
  volume = {},
  number = {},
  series = {},
  month = nov,
  note = {}
}

@ARTICLE{Claypool05,
  author = {Claypool, Mark},
  title = {{The Effect of Latency on User Performance in Real-Time Strategy Games}},
  journal = {{Computer Networks}},
  publisher = {Elsevier},
  year = 2005,
  volume = 49,
  number = 1,
  pages = {52--70},
  month = sep,
  note = {}
}

@ARTICLE{Weiss10,
  author = {Weiss, Stephane and Urso, Pascal and Molli, Pascal},
  title = {{Logoot-Undo: Distributed Collaborative Editing System on P2P Networks}},
  journal = {{IEEE Transactions on Parallel and Distributes Systems}},
  publisher = {IEEE},
  year = 2010,
  volume = 21,
  number = 8,
  pages = {1162--1174},
  month = aug,
  note = {}
}

@ARTICLE{Che12,
  author = {Che, Xianhui and Ip, Barry},
  title = {{Packet-Level Traffic Analysis of Online Games from the Genre Characteristics Perspective}},
  journal = {{Journal of Network and Computer Applications}},
  publisher = {Elsevier},
  year = 2012,
  volume = 35,
  number = 1,
  pages = {240--252},
  month = jan,
  note = {}
}

@ARTICLE{Mildner17,
  author = {Mildner, Philip and Triebel, Tonio and Kopf, Stephan and Effelsberg, Wolfgang},
  title = {{Scaling Online Games with NetConnectors: A Peer-to-Peer Overlay for Fast-Paced Massively Multiplayer Online Games}},
  journal = {{Computers in Entertainment}},
  publisher = {ACM},
  year = 2017,
  volume = 15,
  number = 3,
  pages = {3:1--3:21},
  month = apr,
  note = {}
}

@ARTICLE{Gusella89,
  author = {Gusella, Riccardo and Zatti, Stefano},
  title = {{The Accuracy of the Clock Synchronization Achieved by TEMPO in Berkeley UNIX 4.3BSD}},
  journal = ieeese,
  publisher = {IEEE},
  year = 1989,
  volume = 15,
  number = 7,
  pages = {847--853},
  month = jul,
  note = {}
}

@ARTICLE{Neumann07,
  author = {Neumann, Christoph and Prigent, Nicolas and Varvello, Matteo and Suh, Kyoungwon},
  title = {{Challenges in Peer-to-Peer Gaming}},
  journal = {{ACM SIGCOMM Computer Communication Review}},
  publisher = {ACM},
  year = 2007,
  volume = 37,
  number = 1,
  pages = {79--82},
  month = jan,
  note = {}
}

@INPROCEEDINGS{Knutsson04,
  author = {Knutsson, Bj\"orn and Lu, Honghui and Xu, Wei and Hopkins, Bryan},
  title = {{Peer-to-Peer Support for Massively Multiplayer Games}},
  booktitle = {{Proceedings of the 23rd Annual Conference on Computer and Communications (INFOCOMM'04)}},
  year = 2004,
  editor = {Krunz, Marwan and Li, Bo and Mohapatra, Prasant},
  pages = {96--107},
  address = {Hong Kong, China},
  organization = {},
  publisher = {IEEE},
  volume = {},
  number = {},
  series = {},
  month = mar,
  note = {}
}

@INPROCEEDINGS{Deng16,
  author = {Deng, Yunhua and Li, Yusen and Tang, Xueyan and Cai, Wentong},
  title = {{Server Allocation for Multiplayer Cloud Gaming}},
  booktitle = {{Proceedings of the 24th International Conference on Multimedia (MM'16)}},
  year = 2016,
  editor = {Huet, Beno{\^\i}t and Kelliher, Aisling and Kompatsiaris, Yiannis and Li, Jin},
  pages = {918--927},
  address = {Amsterdam, The Netherlands},
  organization = {},
  publisher = {ACM},
  volume = {},
  number = {},
  series = {},
  month = oct,
  note = {}
}

@INPROCEEDINGS{Nedelec13,
  author = {N\'edelec, Brice and Molli, Pascal and Mostefaoui, Achour and Desmontils, Emmanuel},
  title = {{LSEQ: An Adaptive Structure for Sequences in Distributed Collaborative Editing}},
  booktitle = {{Proceedings of the Symposium on Document Engineering (DocEng'13)}},
  year = 2013,
  editor = {Marriott, Kim},
  pages = {37--46},
  address = {Florence, Italy},
  organization = {},
  publisher = {ACM},
  volume = {},
  number = {},
  series = {},
  month = sep,
  note = {}
}

@ARTICLE{Carlini15,
  author = {Carlini, Emanuele and Ricci, Laura and Coppola, Massimo},
  title = {{Integrating Centralized and Peer-to-Peer Architectures to Support Interest Management in Massively Multiplayer Online Games}},
  journal = {{Concurrency and Computation: Practice and Experience}},
  publisher = {Wiley and Sons},
  year = 2015,
  volume = 27,
  number = 13,
  pages = {3362--3382},
  month = sep,
  note = {}
}

@INPROCEEDINGS{Yahyavi11,
  author = {Yahyavi, Amir and Huguenin, K\'evin and Kemme, Bettina},
  title = {{AntReckoning: Dead Reckoning Using Interest Modeling by Pheromones}},
  booktitle = {{Proceedings of 10th Workshop on Network and System Support for Games (NETGAMES'11)}},
  year = 2011,
  editor = {Shirmohammadi, Shervin and Griwodz, Carsten},
  pages = {},
  address = {Ottawa, ON, Canada},
  organization = {},
  publisher = {IEEE},
  volume = {},
  number = {},
  series = {},
  month = oct,
  note = {}
}

@INPROCEEDINGS{Bharambe06,
  author = {Bharambe, Ashwin and Pang, Jeffrey and Seshan, Srinivasan},
  title = {{Colyseus: A Distributed Architecture for Online Multiplayer Games}},
  booktitle = {{Proceedings of the 3rd Conference on Networked Systems Design and Implementation (NSDI'06)}},
  year = 2006,
  editor = {Peterson, Larry and Roscoe, Timothy},
  pages = {},
  address = {San Jos\'e, CA, USA},
  organization = {},
  publisher = {USENIX},
  volume = {},
  number = {},
  series = {},
  month = may,
  note = {}
}

@INPROCEEDINGS{Frey08,
  author = {Frey, Davide and Royan, J\'er\^ome and Piegay, Romain and Kermarrec, Anne-Marie and Anceaume, Emmanuelle and Le Fessant, Fabrice},
  title = {{Solipsis: A Decentralized Architecture for Virtual Environments}},
  booktitle = {{Proceedings of the 1st International Workshop on Massively Multiuser Virtual Environments (MMVE'08)}},
  year = 2008,
  editor = {},
  pages = {},
  address = {Reno, NV, USA},
  organization = {},
  publisher = {},
  volume = {},
  number = {},
  series = {},
  month = mar,
  note = {}
}

@INPROCEEDINGS{Chandler05,
  author = {Chandler, Angie and Finney, Joe},
  title = {{On the Effects of Loose Causal Consistency in Mobile Multiplayer Games}},
  booktitle = {{Proceedings of 4th Workshop on Network and System Support for Games (NETGAMES'05)}},
  year = 2005,
  editor = {},
  pages = {},
  address = {Hawthorne, NY, USA},
  organization = {},
  publisher = {ACM},
  volume = {},
  number = {},
  series = {},
  month = oct,
  note = {}
}

@INPROCEEDINGS{Yamamoto05,
  author = {Yamamoto, Shinya and Murata, Yoshiro and Yasumoto, Kejichi and Ito, Minoru},
  title = {{A Distributed Event Delivery Method with Load Balancing for MMORPG}},
  booktitle = {{Proceedings of 4th Workshop on Network and System Support for Games (NETGAMES'05)}},
  year = 2005,
  editor = {},
  pages = {},
  address = {Hawthorne, NY, USA},
  organization = {},
  publisher = {ACM},
  volume = {},
  number = {},
  series = {},
  month = oct,
  note = {}
}

@ARTICLE{Jefferson85,
  author = {Jefferson, David R},
  title = {{Virtual Time}},
  journal = toplas,
  publisher = {ACM},
  year = 2005,
  volume = 7,
  number = 3,
  pages = {404--425},
  month = jul,
  note = {}
}

@INPROCEEDINGS{Ferretti08,
  author = {Ferretti, Stefano},
  title = {{A Synchronization Protocol for Supporting Peer-to-Peer Multiplayer Online Games in Overlay Networks}},
  booktitle = {{Proceedings of the 2nd International Conference on Distributed Event-Based Systems (DEBS'08)}},
  year = 2008,
  editor = {Baldoni, Roberto},
  pages = {83--94},
  address = {Rome, Italy},
  organization = {},
  publisher = {},
  volume = {},
  number = {},
  series = {},
  month = jul,
  note = {}
}

@INPROCEEDINGS{Gauthierdickey05,
  author = {GauthierDickey, Chris and Lo, Virginia and Zappala, Daniel},
  title = {{Using N-Trees for Scalable Event Ordering in Peer-to-Peer Games}},
  booktitle = {{Proceedings of the International Workshop on Network and Operating Systems Support for Digital Audio and Video (NOSSDAV'05)}},
  year = 2005,
  editor = {Feng, Wu-Chi and Mayer-Patel, Ketan},
  pages = {87--92},
  address = {Skamania, WA, USA},
  organization = {},
  publisher = {ACM},
  volume = {},
  number = {},
  series = {},
  month = jun,
  note = {}
}

@INPROCEEDINGS{Iimura04,
  author = {Iimura, Takuji and Hazeyama, Hiroaki and Kadobayashi, Youki},
  title = {{Zoned Federation of Game Servers: A Peer-to-Peer Approach to Scalable Multi-Player Online Games}},
  booktitle = {{Proceedings of 3rd Workshop on Network and System Support for Games (NETGAMES'04)}},
  year = 2004,
  editor = {Feng, Wu-Chang},
  pages = {116--120},
  address = {Portland, OR, USA},
  organization = {},
  publisher = {ACM},
  volume = {},
  number = {},
  series = {},
  month = oct,
  note = {}
}

@INPROCEEDINGS{Yu05,
  author = {Yu, Anthony and Vuong, Son T.},
  title = {{MOPAR: A Mobile Peer-to-Peer Overlay Architecture for Interest Management of Massively Multiplayer Online Games}},
  booktitle = {{Proceedings of the International Workshop on Network and Operating Systems Support for Digital Audio and Video (NOSSDAV'05)}},
  year = 2005,
  editor = {Feng, Wu-Chi and Mayer-Patel, Ketan},
  pages = {99--104},
  address = {Skamania, WA, USA},
  organization = {},
  publisher = {ACM},
  volume = {},
  number = {},
  series = {},
  month = jun,
  note = {}
}

@INPROCEEDINGS{Rosa16,
  author = {Ros\`a, Andrea and Chen, Lydia Y. and Binder, Walter},
  title = {{Profiling Actor Utilization and Communication in Akka}},
  booktitle = {{Proceedings of the 15th International Workshop on Erlang (Erlang'16)}},
  year = 2016,
  editor = {T\'oth, Melinda and Lystig Fritchie, Scott},
  pages = {24--32},
  address = {Nara, Japan},
  organization = {},
  publisher = {ACM},
  volume = {},
  number = {},
  series = {},
  month = sep,
  note = {}
}

@INPROCEEDINGS{Rosa16b,
  author = {Ros\`a, Andrea and Chen, Lydia Y. and Binder, Walter},
  title = {{AkkaProf: A Profiler for Akka Actors in Parallel and Distributed Applications}},
  booktitle = {{Proceedings of the 14th Asian Symposium on Programming Languages and Systems (APLAS'16)}},
  year = 2016,
  editor = {Igarashi, Atsushi},
  pages = {139--147},
  address = {Hanoi, Vietnam},
  organization = {},
  publisher = {Springer},
  volume = {},
  number = {},
  series = {Lecture Notes in Computer Science 10017},
  month = nov,
  note = {}
}

@INPROCEEDINGS{Tasharofi13,
  author = {Tasharofi, Samira and Dinges, Peter and Johnson, Ralph E.},
  title = {{Why Do Scala Developers Mix the Actor Model with Other Concurrency Models?}},
  booktitle = {{Proceedings of the 27th European Conference on Object-Oriented Programming (ECOOP'13)}},
  year = 2013,
  editor = {Castagna, Giuseppe},
  pages = {302--326},
  address = {Montpellier, France},
  organization = {},
  publisher = {Springer},
  volume = {},
  number = {},
  series = {Lecture Notes in Computer Science 7920},
  month = jul,
  note = {}
}

@INPROCEEDINGS{Prokopec19,
  author = {Prokopec, Aleksandar and Ros\`a, Andrea and Leopoldseder, David and Duboscq, Gilles and T\r{u}ma and Studener, Martin and Bulej, Lubom{\'\i}r and Zheng, Yudi and Villaz\'on, Alex and Simon, Doug and W\"urthinger, Thomas and Binder, Walter},
  title = {{Renaissance: Benchmarking Suite for Parallel Applications on the JVM}},
  booktitle = {{Proceedings of the 40th Conference on Programming Language Design and Implementation (PLDI'19)}},
  year = 2019,
  editor = {Fisher, Kathleen},
  pages = {31--47},
  address = {Phoenix, AZ, USA},
  organization = {},
  publisher = {ACM},
  volume = {},
  number = {},
  series = {},
  month = apr,
  note = {}
}

@INPROCEEDINGS{Haller12,
  author = {Haller, Philipp},
  title = {{On the Integration of the Actor Model in Mainstream Technologies: The Scala Perspective}},
  booktitle = {{Proceedings of the 2nd Edition on Programming Systems, Languages and Application Based on Actors, Agents and Decentralized Control Abstractions (AGERE!'12')}},
  year = 2012,
  editor = {},
  pages = {1--6},
  address = {},
  organization = {},
  publisher = {ACM},
  volume = {},
  number = {},
  series = {},
  month = oct,
  note = {}
}

@ARTICLE{Chechina16,
  author = {Chechina, Natalia and Li, Huiqing and Ghaffari, Amir and Thompson, Simon and Trinder, Phil},
  title = {{Improving the Network Scalability of Erlang}},
  journal = {{Journal of Parallel and Distributed Computing}},
  publisher = {Elsevier},
  year = 2016,
  volume = 90#"-"#91,
  number = {},
  pages = {22--34},
  month = apr,
  note = {}
}

@ARTICLE{Vinoski07,
  author = {Vinoski, Steve},
  title = {{Concurrency with Erlang}},
  journal = {{IEEE Internet Computing}},
  publisher = {IEEE},
  year = 2007,
  volume = 11,
  number = 5,
  pages = {90--93},
  month = sep#"-"#oct,
  note = {}
}

@INPROCEEDINGS{Stivan15,
  author = {Stivan, Gianluca and Peruffo, Andrea and Haller, Philipp},
  title = {{Akka.js: Towards a Portable Actor Runtime Environment}},
  booktitle = {{Proceedings of the 5th International Workshop on Programming Based on Actors, Agents and Decentralized Control (AGERE!'15)}},
  year = 2015,
  editor = {Gonzalez-Boix, Elisa and Haller, Philipp and Ricci, Alessandro and Varela, Carlos},
  pages = {57--64},
  address = {Pittsburgh, PA, USA},
  organization = {},
  publisher = {ACM},
  volume = {},
  number = {},
  series = {},
  month = oct,
  note = {}
}

@INPROCEEDINGS{Moamen17,
  author = {Moamen, Ahmed Abdel and Wang, Dezhong and Jamali, Nadeem},
  title = {{Supporting Resource Control for Actor Systems in Akka}},
  booktitle = {{Prooceedings of the 37th International Conference on Distributed Computing Systems (ICDCS'17)}},
  year = 2017,
  editor = {},
  pages = {2642--2645},
  address = {Atlanta, GA, USA},
  organization = {},
  publisher = {IEEE},
  volume = {},
  number = {},
  series = {},
  month = jun,
  note = {}
}

@INPROCEEDINGS{Moamen18,
  author = {Moamen, Ahmed Abdel and Wang, Dezhong and Jamali, Nadeem},
  title = {{Approaching Actor-Level Resource Control for Akka}},
  booktitle = {{Proceedings of the 22nd International Workshop on Job Scheduling Strategies for Parallel Processing (JSSPP'18)}},
  year = 2018,
  editor = {Klus\'a\v{c}ek, Dalibor and Cirne, Walfredo and Desai, Narayan},
  pages = {127--146},
  address = {Vancouver, BC, Canada},
  organization = {},
  publisher = {Springer},
  volume = {},
  number = {},
  series = {Lecture Notes in Computer Science 11332},
  month = may,
  note = {}
}

@INPROCEEDINGS{Valkov18,
  author = {Valkov, Ivan and Chechina, Natalia and Trinder, Phil},
  title = {{Comparing Languages for Engineering Server Software: Erlang, Go, and Scala with Akka}},
  booktitle = {{Proceedings of the 33rd Annual ACM Symposium on Applied Computing (SAC'18)}},
  year = 2018,
  editor = {},
  pages = {218--225},
  address = {Pau, France},
  organization = {},
  publisher = {ACM},
  volume = {},
  number = {},
  series = {},
  month = apr,
  note = {}
}

@ARTICLE{Ciolczyk18,
  author = {Cio{\l}czyk, Michael and Wojakowski, Mariusz and Malawski, Maciej},
  title = {{Tracing of Large-Scale Actor Systems}},
  journal = {{Concurrency and Computation---Practice and Experience}},
  publisher = {John Wiley \& Sons, Inc.},
  year = 2018,
  volume = 30,
  number = 22,
  pages = {},
  month = may,
  note = {}
}

@INPROCEEDINGS{Blackburn06,
  author = {Blackburn, Stephen and Garner, Robin and Hoffmann, Chris and Khan, Asjad M. and McKinley, Kathryn S. and Bentzur, Rotem and Diwan, Amer and Feinberg, Daniel and Frampton, Daniel and Guyer, Samuel Z. and Hirzel, Martin and Hosking, Antony and Jump, Maria and Lee, Han and Moss, J. Eliot B. and Phansalkar, Aashish and Stefanovi\'c, Darko and Van Drunen, Thomas and von Dincklage, Daniel and Wiedermann, Ben},
  title = {{The DaCapo Benchmarks: Java Benchmarking Development and Analysis}},
  booktitle = {{Proceedings of the 21st Annual Conference on Object-Oriented Programing, Systems, Languages, and Applications (OOPSLA'06)}},
  year = 2006,
  editor = {Cook, William R.},
  pages = {169--190},
  address = {Portland, OR, USA},
  organization = {},
  publisher = {ACM},
  volume = {},
  number = {},
  series = {},
  month = oct,
  note = {}
}

@INPROCEEDINGS{Harcsik07,
  author = {Harcsik, Szabolcs and Petlund, Andreas and Griwodz, Carsten and Halvorsen, P\r{a}l},
  title = {{Latency Evaluation of Networking Mechanisms for Game Traffic}},
  booktitle = {{Proceedings of 6th Workshop on Network and System Support for Games (NETGAMES'07)}},
  year = 2007,
  editor = {Armitage, Grenville},
  pages = {37--42},
  address = {Melbourne, Australia},
  organization = {},
  publisher = {ACM},
  volume = {},
  number = {},
  series = {},
  month = sep,
  note = {}
}

@INPROCEEDINGS{Suselbeck09,
  author = {S\"uselbeck, Richard and Schiele, Gregor and Becker, Christian},
  title = {{Peer-to-Peer Support for Low-Latency Massively Multiplayer Online Games in the Cloud}},
  booktitle = {{Proceedings of 8th Workshop on Network and System Support for Games (NETGAMES'09)}},
  year = 2009,
  editor = {},
  pages = {1--2},
  address = {Paris, France},
  organization = {},
  publisher = {IEEE},
  volume = {},
  number = {},
  series = {},
  month = nov,
  note = {}
}

@ARTICLE{Claypool07,
  author = {Claypool, Kajal T. and Claypool, Mark},
  title = {{On Frame Rate and Player Performance in First Shooter Games}},
  journal = {{Multimedia Systems}},
  publisher = {Springer},
  year = 2007,
  volume = 13,
  number = {},
  pages = {3--17},
  month = apr,
  note = {}
}

@ARTICLE{Claypool06,
  author = {Claypool, Mark and Claypool, Kajal T.},
  title = {{Latency and Player Actions in Online Games}},
  journal = cacm,
  publisher = {ACM},
  year = 2006,
  volume = 49,
  number = 11,
  pages = {40--45},
  month = nov,
  note = {}
}

@ARTICLE{Bryant21,
  author = {Bryant, Blake and Saiedian, Hossein},
  title = {{An Evaluation of Videogame Network Architecture Performance and Security}},
  journal = {{Computer Networks}},
  publisher = {Elsevier},
  year = 2021,
  volume = 192,
  number = {},
  pages = {},
  month = jun,
  note = {}
}

@ARTICLE{Shen20,
  author={Shen, Bingqing and Tan, Weiming and Guo, Jingzhi and Qin, Peng and Wang, Bin},
  title = {{An Equity-Based Incentive Mechanism for Persistent Virtual World Content Service}},
  journal = {{Service Oriented Computing and Applications}},
  publisher = {Springer},
  year = 2020,
  volume = {14},
  number = {},
  pages = {227--241},
  month = jul,
  note = {}
}

@ARTICLE{Shen19,
  author = {Shen, Bingqing and Guo, Jingzhi},
  title = {{Efficient Peer-to-Peer Content Sharing for Learning in Virtual Worlds}},
  journal = {{Journal of Universal Computer Science}},
  publisher = {},
  year = 2019,
  volume = 25,
  number = 5,
  pages = {465--488},
  month = may,
  note = {}
}

@ARTICLE{Engelbrecht17,
  author = {Engelbrecht, Herman A. and Gilmore, John S.},
  title = {{Pithos: Distributed Storage for Massive Multi-User Virtual Environments}},
  journal = {{ACM Transactions on Multimedia Computing, Communications, and Applications}},
  publisher = {ACM},
  year = 2017,
  volume = 13,
  number = 3,
  pages = {1--33},
  month = aug,
  note = {}
}

@ARTICLE{Bezerra09,
  author = {Benevides Bezerra, Carlos Eduardo and Resin Geyer, Cl\'audio Fernando},
  title = {{A Load Balancing Scheme for Massively Multiplayer Online Games}},
  journal = {{Multimedia Tools and Applications}},
  publisher = {Springer},
  year = 2009,
  volume = 45,
  number = {},
  pages = {263--289},
  month = oct,
  note = {}
}

@ARTICLE{Barri16,
  author = {Barri, Ignasi and Roig, Concepci\'o and Gin\'e, Francesc},
  title = {{Distributing Game Instances in a Hybrid Client-Server/P2P System to Support MMORPG Playability}},
  journal = {{Multimedia Tools and Applications}},
  publisher = {Springer},
  year = 2016,
  volume = 75,
  number = {},
  pages = {2005--2029},
  month = feb,
  note = {}
}

@ARTICLE{Gonzalez21,
  author = {Gonz\'alez, Juan and Boronat, Fernando and Sapena, Almanzor and Pastor, Javier},
  title = {{Key Technologies for Networked Virtual Environments: A New Taxonomy}},
  journal = {{arXiv:2102.09847}},
  publisher = {},
  year = 2021,
  volume = {},
  number = {},
  pages = {},
  month = feb,
  note = {Submitted to IEEE Communications Surveys and Tutorials}
}

@ARTICLE{Albano20,
  author = {Albano, Michele and Mordacchini, Matteo and Ricci, Laura},
  title = {{AoI-Based Multicast Routing over Voronoi Overlays with Minimal Overhead}},
  journal = {{IEEE Access}},
  publisher = {IEEE},
  year = 2020,
  volume = 8,
  number = {},
  pages = {168611--168624},
  month = {},
  note = {}
}

@INPROCEEDINGS{Barbosa21,
  author = {Barbosa, Manuel and Ferreira, Bernardo and Marques, Jo{\~a}o and Portela, Bernardo and Pregui\c{c}a, Nuno},
  title = {{Secure Conflict-Free Replicated Data Types}},
  booktitle = {{Proceedings of the 22nd International Conference on Distributed Computing and Networking (ICDCN'21)}},
  year = 2021,
  editor = {Banerjee, Suman and Masuzawa, Toshimitsu},
  pages = {6--15},
  address = {Nara, Japan},
  organization = {},
  publisher = {ACM},
  volume = {},
  number = {},
  series = {},
  month = jan,
  note = {}
}

@INPROCEEDINGS{Abdulazeez17,
  author = {Abdulazeez, Sarmad A. and El Rhalibi, Abdennour and Al-Jumeily, Dhiya},
  title = {{Dynamic Area of Interest Management for Massively Multiplayer Online Games Using OPNET}},
  booktitle = {{Proceedings of the 10th International Conference on Developments in eSystems Engineering (DESE'17)}},
  year = 2017,
  editor = {Hamdan, Hani and Al-Jumeily, Dhiya and Hussain, Abir and Tawfik, Hissam and Hind, Jade},
  pages = {50--55},
  address = {Paris, France},
  organization = {},
  publisher = {IEEE},
  volume = {},
  number = {},
  series = {},
  month = jun,
  note = {}
}

@INPROCEEDINGS{Jiang08,
  author = {Jiang, Xinbo and Safaei, Farzad},
  title = {{Supporting a Seamless Map in Peer-to-Peer System for Massively Multiplayer Online Role Playing Games}},
  booktitle = {{Proceedings of the 33rd Conference on Conference on Local Computer Networks (LCN'08)}},
  year = 2008,
  editor = {Elmallah, Ehab and Younis, Mohamed},
  pages = {443--450},
  address = {Montr\'eal, QC, Canada},
  organization = {},
  publisher = {IEEE},
  volume = {},
  number = {},
  series = {},
  month = oct,
  note = {}
}

@INPROCEEDINGS{Yang03,
  author = {Yang, Beverly and Garcia-Molina, Hector},
  title = {{Designing a Super-Peer Network}},
  booktitle = {{Proceedings of the 19th International Conference on Data Engineering (CoDE'03)}},
  year = 2003,
  editor = {Dayal, Umeshwar and Ramamritham, Krithi and Vijayaraman, T. M.},
  pages = {49--60},
  address = {Bangalore, India},
  organization = {},
  publisher = {IEEE},
  volume = {},
  number = {},
  series = {},
  month = jun,
  note = {}
}

@ARTICLE{Yoshihara20,
  author = {Yoshihara, Tsuyoshi and Fujita, Satoshi},
  title = {{Towards Fog-Assisted Virtual Reality MMOG with Ultra-Low Latency}},
  journal = {{International Journal of Computer Networks \& Communications}},
  publisher = {AIRCC Publishing},
  year = 2020,
  volume = 12,
  number = 6,
  pages = {33--47},
  month = nov,
  note = {}
}

@INPROCEEDINGS{Holzapfel11,
  author = {Holzapfel, Sebastian and Schuster, Sebastian and Weis, Torben},
  title = {{WoroStore---A Secure and Reliable Data Storage for Peer-to-Peer-Based MMVEs}},
  booktitle = {{Proceedings of the 11th International Conference on Computer and Information Technology (CIT'11)}},
  year = 2011,
  editor = {Badica, Costin and Menezes, Ronaldo},
  pages = {35--40},
  address = {Paphos, Cyprus},
  organization = {},
  publisher = {IEEE},
  volume = {},
  number = {},
  series = {},
  month = aug#"-"#sep,
  note = {}
}

@INPROCEEDINGS{Chang17,
  author = {Chang, Wan-Chi and Wang, Pi-Chung},
  title = {{A Write-Operation-Adaptable Replication System for Multiplayer Cloud Gaming}},
  booktitle = {{Proceedings of International Conference on Dependable and Secure Computing (DSC'17) }},
  year = 2017,
  editor = {Tygar, Doug and Huang, Chun-Ying},
  pages = {334--339},
  address = {Taipei, Taiwan},
  organization = {},
  publisher = {IEEE},
  volume = {},
  number = {},
  series = {},
  month = aug,
  note = {}
}

@INPROCEEDINGS{Buyukkaya09,
  author = {Buyukkaya, Eliya and Abdaliah, Maha and Cavagna, Romain},
  title = {{VoroGame: A Hybrid P2P Architecture for Massively Multiplayer Games}},
  booktitle = {{Proceedings of the 6th Consumer Communications and Networking Conference (CCNC'09)}},
  year = 2009,
  editor = {Buford, John F.},
  pages = {1--5},
  address = {Las Vegas, NV, USA},
  organization = {},
  publisher = {IEEE},
  volume = {},
  number = {},
  series = {},
  month = jan,
  note = {}
}

@INPROCEEDINGS{Hu08,
  author = {Hu, Shun-Yun and Chang, Shao-Chen and Jiang, Jehn-Ruey},
  title = {{Voronoi State Management for Peer-to-Peer Massively Multiplayer Online Games}},
  booktitle = {{Proceedings of the 5th Consumer Communications and Networking Conference (CCNC'08)}},
  year = 2008,
  editor = {Wei, Bin},
  pages = {1134--1138},
  address = {Las Vegas, NV, USA},
  organization = {},
  publisher = {IEEE},
  volume = {},
  number = {},
  series = {},
  month = jan,
  note = {}
}

@INPROCEEDINGS{Farlow18,
  author = {Farlow, Shawn and Trahan, Jerry L.},
  title = {{Periodic Load Balancing Heuristics in Massively Multiplayer Online Games}},
  booktitle = {{Proceedings of the 13th International Conference on the Foundations of Digital Games (FDG'18)}},
  year = 2018,
  editor = {Dahlskog, Steve and Deterding, Sebastian and Font, Jos\'e and Khandaker, Mitu and Olsson, Carl Magnus and Risi, Sebastian and Salge, Christoph},
  pages = {1--10},
  address = {Malm\"o, Sweden},
  organization = {},
  publisher = {ACM},
  volume = {},
  number = {},
  series = {},
  month = aug,
  note = {}
}

@INPROCEEDINGS{Beaumont07,
  author = {Beaumont, Olivier and Kermarrec, Anne-Marie and Marchal, Loris and Rivi\`ere, \'Etienne},
  title = {{VoroNet: A Scalable Object Network Based on Voronoi Tessellations}},
  booktitle = {{Proceedings of the 21st International Parallel and Distributed Processing Symposium (IPDPS'07)}},
  year = 2007,
  editor = {Panda, Dhabaleswar K.},
  pages = {1--10},
  address = {Long Beach, CA, USA},
  organization = {},
  publisher = {IEEE},
  volume = {},
  number = {},
  series = {},
  month = mar,
  note = {}
}

@INPROCEEDINGS{Anthes04,
  author = {Anthes, Christoph and Heinzlreiter, Paul and Volkert, Jens},
  title = {{An Adaptive Network Architecture for Close-Coupled Collaboration in Distributed Virtual Environments}},
  booktitle = {{Proceedings of the International Conference on Virtual Reality Continuum and Its Applications in Industry (VRCAI'04)}},
  year = 2004,
  editor = {Cai, Yiyu and Brown, Judith},
  pages = {382--385},
  address = {Singapore},
  organization = {},
  publisher = {ACM},
  volume = {},
  number = {},
  series = {},
  month = jun,
  note = {}
}

@BOOK{Steinberg07,
  author = {Steinberg, Scott Matthew},
  editor = {},
  title = {{Videogame Marketing and PR}},
  publisher = {iUniverse, Inc.},
  year = 2007,
  address = {},
  edition = {},
  volume = {},
  number = {},
  series = {},
  month = jun,
  note = {}
}

@INPROCEEDINGS{Jiang20,
  author = {Jiang, Chunzhen and Kundu, Aritra and Claypool, Mark},
  title = {{Game Player Response Times versus Task Dexterity and Decision Complexity}},
  booktitle = {{Proceedings of the Annual Symposium on Computer-Human Interaction in Play (CHI PLAY'20)}},
  year = 2020,
  editor = {Abeele, Vero Vanden and Birk, Max},
  pages = {277--281},
  address = {Ottawa, Canada},
  organization = {},
  publisher = {ACM},
  volume = {},
  number = {},
  series = {},
  month = nov,
  note = {}
}

@UNPUBLISHED{SteamRanking,
  author = {{Valve Corporation}},
  title = {{Steam \& Game Stats}},
  year = 2021,
  month = jun,
  note = {Available at \url{https://store.steampowered.com/stats/}. Last Accessed 2021-06-08}
}

@ARTICLE{Moll21,
  author = {Moll, Philipp and Isak, Selina and Hellwagner, Hermann and Burke, Jeff},
  title = {{A Quadtree-Based Synchronization Protocol for Inter-Server Game State Synchronization}},
  journal = {{Computer Networks}},
  publisher = {Elsevier},
  year = 2021,
  volume = 185,
  number = 11,
  pages = {},
  month = feb,
  note = {}
}

@ARTICLE{Deng14,
  author = {Deng, Yunhua and Lau, Rynson W. H.},
  title = {{Dynamic Load Balancing in Distributed Virtual Environments Using Heat Diffusion}},
  journal = {{ACM Transactions on Multimedia Computing, Communications and Applications}},
  publisher = {ACM},
  year = 2014,
  volume = 10,
  number = 2,
  pages = {1--19},
  month = feb,
  note = {}
}

@ARTICLE{Xu16,
  author={Xu, Jingxi and Wah, Benjamin W.},
  title = {{Consistent Synchronization of Action Order with Least Noticeable Delays in Fast-Paced Multiplayer Online Games}},
  journal = {{ACM Transactions on Multimedia Computing, Communications, and Applications}},
  publisher = {ACM},
  year = 2016,
  volume = 13,
  number = 1,
  pages = {1--25},
  month = jan,
  note = {}
}

@ARTICLE{Shen15,
  author = {Shen, Siqi and Hu, Shun-Yun and Iosup, Alexandru and Epema, Dick},
  title = {{Area of Simulation: Mechanism and Architecture for Multi-Avatar Virtual Environments}},
  journal = {{ACM Transactions on Multimedia Computing, Communications, and Applications}},
  publisher = {ACM},
  year = 2015,
  volume = 12,
  number = 1,
  pages = {1--24},
  month = aug,
  note = {}
}

@ARTICLE{Zhang12,
  author = {Zhang, Zin and Ward, Tom\'as E. and McLoone, S\'eamus},
  title = {{An Information-Based Dynamic Extrapolation Model for Networked Virtual Environments}},
  journal = {{ACM Transactions on Multimedia Computing, Communications, and Applications}},
  publisher = {ACM},
  year = 2012,
  volume = 8,
  number = 3,
  pages = {1--19},
  month = jul,
  note = {}
}


@ARTICLE{Mccoy07,
  author = {McCoy, Aaron and Ward, Tom\'as and McLoone, S\'eamus and Delaney, Declan},
  title = {{Multistep-Ahead Neural-Network Predictors for Network Traffic Reduction in Distributed Interactive Applications}},
  journal = {{ACM Transactions on Modeling and Computer Simulation}},
  publisher = {ACM},
  year = 2007,
  volume = 17,
  number = 4,
  pages = {},
  month = sep,
  note = {}
}

@INPROCEEDINGS{Hu10,
  author = {Hu, Shun-Yun and Wu, Chuan and Buyukkaya, Eliya and Chien, Chien-Chao and Lin, Tzu-Hao and Abdallah, Maha and Jiang, Jehn-Ruey and Chen, Kuan-Ta},
  title = {{A Spatial Publish Subscribe Overlay for Massively Multiuser Virtual Environments}},
  booktitle = {{Proceedings of the International Conference on Electronics and Information Engineering (ICEIE'10)}},
  year = 2010,
  editor = {},
  pages = {314--318},
  address = {Kyoto, Japan},
  organization = {},
  publisher = {IEEE},
  volume = {},
  number = {},
  series = {},
  month = aug,
  note = {}
}

@INPROCEEDINGS{Hanawa06,
  author = {Hanawa, Dai and Yonekura, Tatsuhiro},
  title = {{A Proposal of Dead Reckoning Protocol in Distributed Virtual Environment Based on the Taylor Expansion}},
  booktitle = {{Proceedings of the International Conference on Cyberworlds (CW'06)}},
  year = 2006,
  editor = {Thalmann, Daniel and Sourin, Alexei},
  pages = {107--114},
  address = {Lausanne, Switzerland},
  organization = {},
  publisher = {IEEE},
  volume = {},
  number = {},
  series = {},
  month = nov,
  note = {}
}

@INPROCEEDINGS{Aceto21,
  author = {Aceto, Luca and Attard, Duncan Paul and Francalanza, Adrian and Ing\'olfsd\'ottir, Anna},
  title = {{On Benchmarking for Concurrent Runtime Verification}},
  booktitle = {{Proceedings of the 24th International Conference on Fundamental Approaches to Software Engineering (FASE'21)}},
  year = 2021,
  editor = {Guerra, Esther and Stoelinga, Mari\"elle},
  pages = {3--23},
  address = {Luxembourg City, Luxembourg},
  organization = {},
  publisher = {Springer},
  volume = {},
  number = {},
  series = {Lecture Notes in Computer Science 12649},
  month = mar,
  note = {}
}

@INPROCEEDINGS{Attard21,
  author = {Attard, Duncan Paul and Aceto, Luca and Achilleos, Antonis and Francalanza, Adrian and Ing\'olfsd\'ottir, Anna and Lehtinen, Karoliina},
  title = {{Better Late Than Never or: Verifying Asynchronous Components at Runtime}},
  booktitle = {{Proceedings of the 41st International Conference on Formal Techniques for Distributed Objects, Components, and Systems (FORTE'21)}},
  year = 2021,
  editor = {Peters, Kirsting and Willemse, Tim A. C.},
  pages = {207--225},
  address = {Valletta, Malta},
  organization = {},
  publisher = {Springer},
  volume = {},
  number = {},
  series = {Lecture Notes in Computer Science 12719},
  month = jun,
  note = {}
}

@TECHREPORT{Slee07,
  author = {Slee, Mark and Agarwal, Aditya and Kwiatkowski, Marc},
  title = {{Thrift: Scalable Cross-Language Services Implementation}},
  institution = {Facebook},
  year = 2007,
  type = {White Paper},
  number = 5,
  address = {},
  month = {},
  note = {}
}

@INPROCEEDINGS{Almeida03,
  author = {Almeida, Jo{\~a}o Paulo and van Sinderen, Marten and Ferreira Pires, Lu{\'\i}s and Quartel, Dick},
  title = {{A Systematic Approach to Platform-Independent Design Based on the Service Concept}},
  booktitle = {{Proceedings of the 7th International Enterprise Distributed Object Computing Conference (EDOC'03)}},
  year = 2003,
  editor = {},
  pages = {112--123},
  address = {Brisbane, Australia},
  organization = {},
  publisher = {IEEE},
  volume = {},
  number = {},
  series = {},
  month = {sep},
  note = {}
}

