%%%%%%%%%%%%%%%%%%%%%%%%%%%%%%%%%%%%% Linguistic Approaches to DSU
@INPROCEEDINGS{Wassermann10,
  author = {Wassermann, {\v{L}}uborm{\'\i}r and Forg\'a\v{c}, Michal},
  title = {{Adaptation Techniques of Domain-Specific Languages}},
  booktitle = {{Proceedings of the 10th Scientific Conference of Young Researchers (SCYR'10)}},
  year = 2010,
  editor = {},
  pages = {370--373},
  address = {Ko\v{s}ice, Slovakia},
  organization = {},
  publisher = {FEI TU of Ko\v{s}ice},
  volume = {},
  number = {},
  series = {},
  month = may,
  note = {}
}

@ARTICLE{Kollar10,
  author = {Koll\'ar, J\'an and Forg\'a\v{c}, Michal},
  title = {{Combined Approach to Program and Language Evolution}},
  journal = {{Computing and Informatics}},
  publisher = {},
  year = 2010,
  volume = 29,
  number = 6,
  pages = {1103--1116},
  month = {},
  note = {}
}

%%%%%%%%%%%%%%%%%%%%%%%%%%%%%%%%%%%%%%%%%%%%%%%%%%%%%%%%%%%%%%%%%%
@INPROCEEDINGS{Dmitriev01,
  author = {Dmitriev, Mikhail},
  title = {{Towards Flexible and Safe Technology for Runtime Evolution of Java Language Applications}},
  booktitle = {{Proceedings of the 1st Workshop on Engineering Complex Object-Oriented Systems for Evolution (ECOOSE'01)}},
  year = 2001,
  editor = {Cahill, Vinny and Clarke, Siobh\'an and Dobson, Simon and Filman, Robert},
  pages = {14--18},
  address = {Tampa Bay, FL, USA},
  organization = {},
  publisher = {},
  volume = {},
  number = {},
  series = {},
  month = oct,
  note = {}
}

@INPROCEEDINGS{Kim08,
  author = {Kim, Dong Kwan and Tilevich, Eli},
  title = {{Overcoming JVM HotSwap Constraints Via Binary Rewriting}},
  booktitle = {{Proceedings of the 1st International Workshop on Hot Topics in Software Upgrades (HotSWUp'08)}},
  year = 2008,
  editor = {Dumitra\k{s}, Tudor and Dig, Danny and Neamtiu, Iulian},
  pages = {},
  address = {Nashville, TN, USA},
  organization = {},
  publisher = {ACM},
  volume = {},
  number = {},
  series = {},
  month = oct,
  note = {}
}

@INPROCEEDINGS{Bierman08,
  author = {Bierman, Gavin and Parkinson, Matthew and Noble, James},
  title = {{UpgradeJ: Incremental Typechecking for Class Upgrades}},
  booktitle = {{Proceedings of the 22nd European Conference on Object-Oriented Programming (ECOOP'08)}},
  year = 2008,
  editor = {Vitek, Jan},
  pages = {235--259},
  address = {Paphos, Cyprus},
  organization = {},
  publisher = {Springer},
  volume = {},
  number = {},
  series = {Lecture Notes in Computer Science 5142},
  month = jul,
  note = {}
}

@ARTICLE{Wernli13,
  author = {Wenli, Erwann and Lungu, Mircea and Nierstrasz, Oscar},
  title = {{Incremental Dynamic Updates with First-Class Contexts}},
  journal = {{Journal of Object Technology}},
  publisher = {AITO},
  year = 2013,
  volume = 12,
  number = 3,
  pages = {1--27},
  month = aug,
  note = {}
}

@INPROCEEDINGS{Wernli12,
  author = {Wenli, Erwann and Lungu, Mircea and Nierstrasz, Oscar},
  title = {Incremental Dynamic Updates with First-Class Contexts},
  booktitle = {{Proceedings of the 50th International Conference on Objects, Models, Components, Patterns (TOOLS'12)}},
  year = 2012,
  editor = {Furia, Carlo A. and Nanz, Sebastian},
  pages = {304--319},
  address = {Prague, Czech Republic},
  organization = {},
  publisher = {Springer},
  volume = {},
  number = {},
  series = {Lecture Notes in Computer Science 7304},
  month = may,
  note = {}
}

@INPROCEEDINGS{Noubissi11,
  author = {Noubissi, Agnes C. and Iguchi-Cartigny, Julien and Lanet, Jean-Louis},
  title = {{Hot Updates for Java Based Smart Cards}},
  booktitle = {{Proceedings of the 3rd Workshop on Hot Topics in Software Upgrades (HotSWUp'11)}},
  year = 2011,
  editor = {Bazzi, Rida and Hicks, Michael and Zaniolo, Carlo},
  pages = {168--173},
  address = {Hannover, Germany},
  organization = {},
  publisher = {IEEE},
  volume = {},
  number = {},
  series = {},
  month = apr,
  note = {}
}

@INPROCEEDINGS{Sadjadi04,
  author = {Sadjadi, Seyed Masoud and McKinley, Philip K.},
  title = {{ACT: An Adaptive CORBA Template to Support Unanticipated Adaptation}},
  booktitle = {{Proceedings of the 24th International Conference on Distributed Computing Systems (ICDCS'04)}},
  year = 2004,
  editor = {},
  pages = {74--83},
  address = {Tokyo, Japan},
  organization = {IEEE Computer Society},
  publisher = {},
  volume = {},
  number = {},
  series = {},
  month = mar,
  note = {}
}

@ARTICLE{Huang04,
  author = {Huang, Gang and Mei, Hong and Yang, Fu-Qing},
  title = {{Runtime Software Architecture Based on Reflective Middleware}},
  journal = {{Journal of Information Science}},
  year = 2004,
  volume = 47,
  number = 5,
  pages = {555--576},
  month = oct,
  note = {}
}

@ARTICLE{Huang06,
  author = {Huang, Gang and Mei, Hong and Yang, Fu-Qing},
  title = {{Runtime Recovery and Manipulation of Software Architecture of Component-Based Systems}},
  journal = {{Automated Software Engineering}},
  publisher = {Kluwer Academic Publishers},
  year = 2006,
  volume = 13,
  number = 2,
  pages = {257--281},
  month = apr,
  note = {}
}

@ARTICLE{Huang03,
  author = {Huang, Gang and Mei, Hong and Wang, Qian-Xiang},
  title = {{Towards Software Architecture at Runtime}},
  journal = {{Software Engineering Notes}},
  publisher = {ACM},
  year = 2003,
  volume = 28,
  number = 2,
  pages = {1--8},
  month = mar,
  note = {}
}

@INPROCEEDINGS{Mittermeir01,
  author = {Mittermeir, Roland T.},
  title = {{Software Evolution:  Let's Sharpen the Terminology before Sharpening (Out-of-Scope) Tools}},
  booktitle = {{Proceedings of the 4th International Workshop on Principles of Software Evolution (IWPSE'01)}},
  year = 2001,
  editor = {},
  pages = {114--121},
  address = {Vienna, Austria},
  organization = {},
  publisher = {Springer},
  volume = {},
  number = {},
  series = {},
  month = sep,
  note = {}
}

@INBOOK{Mittermeir06,
  author = {Mittermeir, Roland T.},
  editor = {Madhavji, Nazim H. and Fern\'andez-Ramil, Juan and Perry, Dewayne E.},
  title = {{Facets of Software Evolution}},
  booktitle = {{Software Evolution and Feedback: Theory and Practice}},
  chapter = 4,
  pages = {71--93},
  publisher = {John Wiley \& Sons, Ltd},
  year = 2006,
  address = {},
  volume = {},
  number = {},
  series = {},
  type = {},
  edition = {},
  month = jun,
  note = {}
}

@INPROCEEDINGS{Zhang09,
  author = {Zhang, Guangquan and Rong, Mei},
  title = {{A Framework for Dynamic Evolution Based on Reflective Aspect-Oriented Software Architecture}},
  booktitle = {{Proceedings of the 4th International Conference on Computer Sciences and Convergence Information Technology (ICCIT'09)}},
  year = 2009,
  editor = {},
  pages = {7--10},
  address = {Seoul, South Korea},
  organization = {},
  publisher = {},
  volume = {},
  number = {},
  series = {},
  month = nov,
  note = {}
}

@INPROCEEDINGS{Nierstrasz10,
  author = {Nierstrasz, Oscar and G{\^\i}rba, Tudor},
  title = {{Lessons in Software Evolution Learned by Listening to Smalltalk}},
  booktitle = {{Proceedings of the 36th Conference on Current Trends in Theory and Practice of Computer Science (SOFSEM'10)}},
  year = 2010,
  editor = {Leeuwen, Jan and Muscholl, Anca and Peleg, David and Pokorn\'y, Jaroslav and Rumpe, Bernhard},
  pages = {77--95},
  address = {\v{S}pindler\r{u}v Ml\'yn, Czech Republic},
  organization = {},
  publisher = {Springer},
  volume = {},
  number = {},
  series = {LNCS 5901},
  month = jan,
  note = {}
}

@INPROCEEDINGS{Ebraert05,
  author = {Ebraert, Peter and Vandewoude, Yves and D'Hont, Theo and Berbers, Yolande},
  title = {{Pitfalls in Unanticipated Dynamic Software Evolution}},
  editor = {Cazzola, Walter and Chiba, Shigeru and Saake, Gunter and Tourw\'e, Tom},
  booktitle = {Proceedings of ECOOP'2005 Workshop on Reflection, AOP and Meta-Data for Software Evolution (RAM-SE'05)},
  year = 2005,
  address = {Glasgow, Scotland},
  month = jul,
  pages = {3--8},
  note = {}
}

@ARTICLE{Vandewoude07,
  author = {Vandewoude, Yves and Ebraert, Peter and Berbers, Yolande and D'Hondt, Theo},
  title = {{Tranquillity. A Low Disruptive Alternative to Quiescence for Ensuring Safe Dynamic Updates}},
  journal = ieeese,
  year = 2007,
  volume = 33,
  number = 12,
  pages = {856--868},
  month = dec,
  note = {}
}

@INPROCEEDINGS{Goldsby07,
  author = {Goldsby, Heather J. and Cheng, Betty H. C. and Zhang, Ji},
  title = {{AMOEBA-RT: Run-Time Verification of Adaptive Software}},
  booktitle = {{Proceedings of the Workshops and Symposia at MoDELS 2007}},
  year = 2007,
  editor = {Giese, Holger},
  pages = {212--224},
  address = {Nashville, TN, USA},
  organization = {},
  publisher = {},
  volume = {},
  number = {},
  series = {Lecture Notes in Computer Science 5002},
  month = sep,
  note = {}
}

@INPROCEEDINGS{Kulkarni04,
  author = {Kulkarni, Sandeep S. and Biyani, Karun N.},
  title = {{Correctness of Component-Based Adaptation}},
  booktitle = {{Proceedings of the 7th International Simposium on Component-Based Software Engineering (CBSE'04)}},
  year = 2004,
  editor = {Crnkovic, Ivica and Stafford, Judith A. and Schmidt, Heinz W. and Wallnau, Kurt},
  pages = {48--58},
  address = {Edinburgh, Uk},
  organization = {},
  publisher = {Springer},
  volume = {},
  number = {},
  series = {Lecture Notes in Computer Science 3054},
  month = may,
  note = {}
}

@ARTICLE{Hicks05,
  author = {Hicks, Michael and Nettles, Scott},
  title = {{Dynamic Software Updating}},
  journal = toplas,
  publisher = {ACM},
  year = 2005,
  volume = 27,
  number = 6,
  pages = {1049--1096},
  month = nov,
  note = {}
}

@ARTICLE{Stoyle07,
  author = {Stoyle, Gareth and Hicks, Michael and Bierman, Gavin and Sewell, Peter and Neamtiu, Iulian},
  title = {{Mutatis Mutandis: Safe and Predictable Dynamic Software Updating}},
  journal = toplas,
  publisher = {ACM},
  year = 2007,
  volume = 29,
  number = 4,
  pages = {},
  month = aug,
  note = {}
}

@INPROCEEDINGS{Duquesne08,
  author = {Duquesne, Pierre and Bryce, Ciar\'an},
  title = {{A Language Model for Dynamic Code Updating}},
  booktitle = {{Proceedings of the 1st International Workshop on Hot Topics in Software Upgrades (HotSWUp'08)}},
  year = 2008,
  editor = {Dig, Danny and Dumitras, Tudor and Neamtiu, Iulian},
  pages = {},
  address = {Nashville, TN, USA},
  organization = {ACM},
  publisher = {},
  volume = {},
  number = {},
  series = {},
  month = oct,
  note = {}
}

@INPROCEEDINGS{Orso02,
  author = {Orso, Alessandro and Rao, Anup and Harrold, Mary Jean},
  title = {{A Technique for Dynamic Updating of Java Software}},
  booktitle = {{Proceedings of the International Conference on Software Maintenance (ICSM'02)}},
  year = 2002,
  editor = {},
  pages = {649--658},
  address = {Montr{\'e}al, Canada},
  organization = {},
  publisher = {IEEE Press},
  volume = {},
  number = {},
  series = {},
  month = oct,
  note = {}
}

@INPROCEEDINGS{Piechnick12,
  author = {Piechnick, Christian and Richly, Sebastian and G\"otz, Sebastian and Wilke, Claas and A{\ss}mann, Uwe},
  title = {{Using Role-Based Composition to Support Unanticipated, Dynamic Adaptation - Smart Application Grids}},
  booktitle = {{Proceedings of the 4th International Conference on Adaptive and Self-Adaptive Systems and Applications (ADAPTIVE'12)}},
  year = 2012,
  editor = {Petcu, Dana nad Troubitsyna, Elena},
  pages = {},
  address = {Nice, France},
  organization = {},
  publisher = {IARIA},
  volume = {},
  number = {},
  series = {},
  month = jul,
  note = {}
}

@INPROCEEDINGS{Fredericks13,
  author = {Fredericks, Erik M. and Ramirez, Andres J. and Cheng, Betty H. C.},
  title = {{Towards Run-Time Testing of Dynamic Adaptive Systems}},
  booktitle = {{Proceedings of the 8th International Symposium on Software Engineering for Adaptive and Self-Managing Systems (SEAMS'13)}},
  year = 2013,
  editor = {Litoiu, Marin and Mylopoulos, John},
  pages = {169--174},
  address = {San Francisco, CA, USA},
  organization = {},
  publisher = {IEEE Press},
  volume = {},
  number = {},
  series = {},
  month = may,
  note = {}
}

@INPROCEEDINGS{Puschel14,
  author = {P\"uschel, Georg and Piechnick, Christian and G\"otz, Sebastian and Seidl, Christoph and Richly, Sebastian and A{\ss}mann, Uwe},
  title = {{A Black Box Validation Strategy for Self-adaptive Systems}},
  booktitle = {{Proceedings of the 6th International Conference on Adaptive and Self-Adaptive Systems and Applications (ADAPTIVE'14)}},
  year = 2014,
  editor = {Musliner, David and Troubitsyna, Elena and Tamir, Dan},
  pages = {111--116},
  address = {Venice, Italy},
  organization = {},
  publisher = {IRIA},
  volume = {},
  number = {},
  series = {},
  month = may,
  note = {}
}

@ARTICLE{Gregersen09,
  author = {Gregersen, Allan Raundahl and J{\o}rgensen, Bo N{\o}rregaard},
  title = {{Dynamic Update of Java Applications---Balancing Change Flexibility vs Programming Transparency}},
  journal = {{Journal of Software Maintenance and Evolution: Research and Practice}},
  publisher = {John Wiley \& Sons, Ltd.},
  year = 2009,
  volume = 21,
  number = 2,
  pages = {81--112},
  month = mar#"/"#apr,
  note = {}
}

@INPROCEEDINGS{Wurthinger10,
  author = {W\"urthinger, Thomas and Wimmer, Christian and Stadler, Lukas},
  title = {{Dynamic Code Evolution for Java}},
  booktitle = {{Proceedings of the 8th International Conference on Principles and Practice of Programming in Java (PPPJ'10)}},
  year = 2010,
  editor = {Krall, Andreas and M\"ossenb\"ock, Hanspeter},
  pages = {10--19},
  address = {Vienna, Austria},
  organization = {},
  publisher = {},
  volume = {},
  number = {},
  series = {},
  month = sep,
  note = {}
}

@INPROCEEDINGS{Gregersen08,
  author = {Gregersen, Allan Raundahl and J{\o}rgensen, Bo N{\o}rregaard},
  title = {{Module Reload through Dynamic Update --- The Case of NetBeans}},
  booktitle = {{Proceedings of the 12th European Conference on Software Maintenance and Reengineering (CSMR'08)}},
  year = 2008,
  editor = {Tjiortjis, Christos and Winter, Andreas},
  pages = {23--32},
  address = {Athens, Greece},
  organization = {},
  publisher = {},
  volume = {},
  number = {},
  series = {},
  month = apr,
  note = {}
}

@INPROCEEDINGS{Gregersen11,
  author = {Gregersen, Allan Raundahl and J{\o}rgensen, Bo N{\o}rregaard},
  title = {{Run-Time Phenomena in Dynamic Software Updating: Causes and Effects}},
  booktitle = {{Proceedings of the 12th International Workshop on Principles of Software Evolution and the 7th annual ERCIM Workshop on Software Evolution (IWPSE-EVOL'11)}},
  year = 2011,
  editor = {},
  pages = {6--15},
  address = {Szeged, Hungary},
  organization = {},
  publisher = {},
  volume = {},
  number = {},
  series = {},
  month = sep,
  note = {}
}

@INPROCEEDINGS{Gregersen12,
  author = {Gregersen, Allan R. and J{\o}rgensen, Bo N{\o}rregaard and Hadaytullah and Koskimies, Kai},
  title = {{Javeleon: An Integrated Platform for Dynamic Software Updating and Its Application in Self-* Systems}},
  booktitle = {{Proceedings of the 2012 Spring Congress on Engineering and Technology (S-CET'12)}},
  year = 2012,
  editor = {},
  pages = {1--9},
  address = {Xian, China},
  organization = {},
  publisher = {IEEE},
  volume = {},
  number = {},
  series = {},
  month = may,
  note = {}
}

@INPROCEEDINGS{Gregersen13,
  author = {Gregersen, Allan R. and Rasmussen, Michael and J{\o}rgensen, Bo N{\o}rregaard},
  title = {{State of the Art of Dynamic Software Updating in Java}},
  booktitle = {{Proceedings of the 8th International Joint Conference on Software Technologies (ICSOFT'13)}},
  year = 2013,
  editor = {Cordeiro, Jos\'e and van Sinderen, Marten},
  pages = {99--113},
  address = {Reykjavik, Iceland},
  organization = {},
  publisher = {Springer},
  volume = {},
  number = {},
  series = {{Communications in Computer and Information Science 457}},
  month = jul,
  note = {}
}

@INPROCEEDINGS{Zhao14,
  author = {Zhao, Zelin and Ma, Xiaoxing and Xu, Chang and Yang, Wenhua},
  title = {{Automated Recommandation of Dynamic Software Update Points: An Exploratory Study}},
  booktitle = {{Proceedings of the 6th Asia-Pacific Symposium on Internetware (INTERNETWARE'14)}},
  year = 2014,
  editor = {Zhou, Minghui and Zhang, Charles},
  pages = {136--144},
  address = {Hong Kong, China},
  organization = {},
  publisher = {ACM},
  volume = {},
  number = {},
  series = {},
  month = nov,
  note = {}
}

@ARTICLE{Seifzadeh13,
  author = {Seifzadeh, Habib and Abolhassani, Hassan and Moshkenani, Mohsen Sadighi},
  title = {{A Survey of Dynamic Software Updating}},
  journal = {{Journal of Software: Evolution and Process}},
  publisher = {John Wiley and Sons},
  year = 2013,
  volume = 25,
  number = 5,
  pages = {535--568},
  month = may,
  note = {}
}

@INPROCEEDINGS{Arnold09,
  author = {Arnold, Jeff and Kaashoek, M. Frans},
  title = {{Ksplice: Automatic Rebootless Kernel Updates}},
  booktitle = {{Proceedings of the 4th ACM European conference on Computer Systems (EuroSys'09)}},
  year = 2009,
  editor = {Wilkes, John and Isaacs, Rebecca},
  pages = {187--198},
  address = {Nuremberg, Germany},
  organization = {},
  publisher = {ACM},
  volume = {},
  number = {},
  series = {},
  month = apr,
  note = {}
}

@TECHREPORT{Vandewoude03,
  author = {Vandewoude, Yves and Rigole, Peter and Urting, David and Berbers, Yolande},
  title = {{Draco: An Adaptive Runtime Environment for Components}},
  institution = {{Department of Computer Science, K.U.Leuven}},
  year = 2003,
  type = {Report},
  number = {CW372},
  address = {Leuven, Belgium},
  month = {},
  note = {}
}

@INPROCEEDINGS{Chen07,
  author = {Chen, Haibo and Yu, Jie and Chen, Rong and Zang, Binyu and Yew, Pen-Chung},
  title = {{POLUS: A POwerful Live Updating System}},
  booktitle = {{Proceedings of the 29th International Conference on Software Engineering (ICSE'07)}},
  year = 2007,
  editor = {Emmerich, Wolfgang and Rothermel, Gregg},
  pages = {271--281},
  address = {Minneapolis, MN, USA},
  organization = {},
  publisher = {IEEE},
  volume = {},
  number = {},
  series = {},
  month = may,
  note = {}
}

@ARTICLE{Chen11,
  author = {Chen, Haibo and Yu, Jie and Hang, Chengqun and Zang, Binyu and Yew, Pen-Chung},
  title = {{Dynamic Software Updating Using a Relaxed Consistency Model}},
  journal = ieeese,
  publisher = {IEEE},
  year = 2011,
  volume = 37,
  number = 5,
  pages = {679--694},
  month = sept#"/"#oct,
  note = {}
}

@ARTICLE{Gu14,
  author = {Gu, Tianxiao and Cao, Chun and Xu, Chang and Ma, Xiaoxing and Zhang, Linghao and L\"u, Jian},
  title = {{Low Disruptive Dynamic Updating of Java Applications}},
  journal = {{Information and Software Technology}},
  publisher = {Elsevier},
  year = 2014,
  volume = 56,
  number = 9,
  pages = {1086--1098},
  month = sep,
  note = {}
}

@INPROCEEDINGS{Pina14,
  author = {Pina, Lu{\'\i}s and Veiga, Lu{\'\i}s and Hicks, Michael},
  title = {{Rubah: DSU for Java on a Stock JVM}},
  booktitle = {{Proceedings of the ACM International Conference on Object Oriented Programming Systems Languages and Applications (OOPSLA'14)}},
  year = 2014,
  editor = {Millstein, Todd},
  pages = {103--119},
  address = {Portland, OR, USA},
  organization = {},
  publisher = {ACM},
  volume = {},
  number = {},
  series = {},
  month = oct,
  note = {}
}

@INPROCEEDINGS{Pina16,
  author = {Pina, Lu{\'\i}s and Hicks, Michael},
  title = {{Tedsuto: A General Framework for Testing Dynamic Software Updates.}},
  booktitle = {{Proceedings of the 9th IEEE International Conference on Software Testing, Verification and Validation (ICST'16)}},
  year = 2016,
  editor = {Briand, Lionel and Khurshid, Sarfraz},
  pages = {},
  address = {Chicago, IL, USA},
  organization = {},
  publisher = {IEEE},
  volume = {},
  number = {},
  series = {},
  month = apr,
  note = {}
}

@INPROCEEDINGS{Saur16,
  author = {Saur, Karla and Collard, Joseph and Foster, Nate and Guha, Arjun amd Vanbever, Laurent and Hicks, Michael},
  title = {{Morpheus: Safe and Flexible Controller Upgrades for SDNs}},
  booktitle = {{Proceedings of the ACM Symposium on SDN Research (SOSR'16)}},
  year = 2016,
  editor = {},
  pages = {},
  address = {Santa Clara, CA, USA},
  organization = {ACM},
  publisher = {},
  volume = {},
  number = {},
  series = {},
  month = mar,
  note = {}
}

@INPROCEEDINGS{Hayden09,
  author = {Hayden, Christopher M. and Hardisty, Eric A. and Hicks, Michael and Foster, Jeffrey S.},
  title = {{Efficient Systematic Testing for Dynamically Updatable Software}},
  booktitle = {{Proceedings of the 2nd International Workshop on Hot Topics in Software Upgrades (HotSWUp'09)}},
  year = 2009,
  editor = {},
  pages = {},
  address = {Orlando, FL, USA},
  organization = {},
  publisher = {},
  volume = {},
  number = {},
  series = {},
  month = oct,
  note = {}
}

@INPROCEEDINGS{Hayden12,
  author = {Hayden, Christopher M. and Saur, Karla and Smith, Edward K. and Hicks, Michael and Foster, Jeffrey S.},
  title = {{Kitsune: Efficient, General-Purpose Dynamic Software Updating for C}},
  booktitle = {{Proceedings of the ACM International Conference on Object Oriented Programming Systems Languages and Applications (OOPSLA'12)}},
  year = 2012,
  editor = {Leavens, Gary T. and Dwyer, Matthew B.},
  pages = {249--264},
  address = {Tucson, AZ, USA},
  organization = {},
  publisher = {ACM},
  volume = {},
  number = {},
  series = {},
  month = oct,
  note = {}
}

@ARTICLE{Hayden12b,
  author = {Hayden, Christopher M. and Smith, Edward K. and Hardisty, Eric A. and Hicks, Michael and Foster, Jeffrey S.},
  title = {{Evaluating Dynamic Software Update Safety Using Systematic Testing}},
  journal = ieeese,
  year = 2012,
  volume = 38,
  number = 6,
  pages = {1340--1354},
  month = nov,
  note = {}
}


@ARTICLE{Kabanov14,
  author = {Kabanov, Jevgeni and Vene, Varmo},
  title = {{A Thousand Years of Productivity: The JRebel Story}},
  journal = {{Software: Practice and Experience}},
  publisher = {Elsevier},
  year = 2014,
  volume = 44,
  number = 1,
  pages = {105--127},
  month = jan,
  note = {}
}

@INPROCEEDINGS{Bazzi12,
  author = {Bazzi, Rida A. and Topp, Bryan and Neamtiu, Iulian},
  title = {{How to Have Your Cake and Eat It Too: Dynamic Software Updating with Just-in-Time Overhead}},
  booktitle = {{Proceedings of the 4th International Workshop on Hot Topics in Software Upgrades (HotSWUp'12)}},
  year = 2012,
  editor = {Wahler, Michael and Dig, Danny},
  pages = {1--5},
  address = {Z\"urich, Switzerland},
  organization = {},
  publisher = {IEEE Press},
  volume = {},
  number = {},
  series = {},
  month = jun,
  note = {}
}

@INPROCEEDINGS{Subramanian09,
  author = {Subramanian, Suriya and Hicks, Michael and McKinley, Kathryn S.},
  title = {{Dynamic Software Updates: A VM-centric Approach}},
  booktitle = {{Proceedings of the 30th ACM Conference on Programming Language Design and Implementation (PLDI'09)}},
  year = 2009,
  editor = {Diwan, Amer},
  pages = {1--12},
  address = {Dublin, Ireland},
  organization = {},
  publisher = {},
  volume = {},
  number = {},
  series = {},
  month = jun,
  note = {}
}

@INPROCEEDINGS{Sliwerski05,
  author = {\'Sliwerski, Jacek and Zimmermann, Thomas and Zeller, Andreas},
  title = {{When Do Changes Induce Fixes? On Fridays.}},
  booktitle = {{Proceedings of the 2005 International Workshop on Mining Software Repositories (MSR'05)}},
  year = 2005,
  editor = {},
  pages = {},
  address = {St.\,Louis, MI, USA},
  organization = {},
  publisher = {ACM},
  volume = {},
  number = {},
  series = {},
  month = may,
  note = {}
}

@INPROCEEDINGS{Neamtiu05,
  author = {Neamtiu, Iulian and Foster, Jeffrey S. and Hicks, Michael},
  title = {{Understanding Source Code Evolution Using Abstract Syntax Tree Matching}},
  booktitle = {{Proceedings of the 2005 International Workshop on Mining Software Repositories (MSR'05)}},
  year = 2005,
  editor = {},
  pages = {},
  address = {St.\,Louis, MI, USA},
  organization = {},
  publisher = {ACM},
  volume = {},
  number = {},
  series = {},
  month = may,
  note = {}
}

@INPROCEEDINGS{Neamtiu09,
  author = {Neamtiu, Iulian and Hicks, Michael},
  title = {{Safe and Timely Updates to Multi-Threaded Programs}},
  booktitle = {{Proceedings of the 30th ACM Conference on Programming Language Design and Implementation (PLDI'09)}},
  year = 2009,
  editor = {Diwan, Amer},
  pages = {13--24},
  address = {Dublin, Ireland},
  organization = {},
  publisher = {},
  volume = {},
  number = {},
  series = {},
  month = jun,
  note = {}
}

@ARTICLE{Gupta96,
  author = {Gupta, Deepak and Jalote, Pankaj and Barua, Gautam},
  title = {{A Formal Framework for On-Line Software Version Change}},
  journal = ieeese,
  publisher = {IEEE},
  year = 1996,
  volume = 22,
  number = 2,
  pages = {120--131},
  month = feb,
  note = {}
}

@INPROCEEDINGS{Jalili09,
  author = {Jalili, Mehdi and Parsa, Saeed and Seifzadeh, Habib},
  title = {{A Hybrid Model in Dynamic Software Updating for C}},
  booktitle = {{Proceedings of International Conference on Advanced Software Engineering and Its Applications (ASEA'09)}},
  year = 2009,
  editor = {},
  pages = {151--159},
  address = {Jeju Island, South Korea},
  organization = {},
  publisher = {Springer},
  volume = {},
  number = {},
  series = {Communications in Computer and Information Science 59},
  month = dec,
  note = {}
}

@ARTICLE{Salvaneschi13,
  author = {Salvaneschi, Guido and Ghezzi, Carlo and Pradella, Matteo},
  title = {{An Analysis of Language-Level Support for Self-Adaptive Software}},
  journal = {{ACM Transactions on Autonomous and Adaptive Systems}},
  year = 2013,
  volume = 8,
  number = 2,
  pages = {7:1--7:29},
  month = jul,
  note = {}
}

@ARTICLE{Amoui12,
  author = {Amoui, Mehdi and Derakhshanmanesh, Mahdi and Ebert, J{\"u}rgen and Tahvildari, Ladan},
  title = {{Achieving Dynamic Adaptation Via Management and Interpretation of Runtime Models}},
  journal = {{Journal of Systems and Software}},
  publisher = {Elsevier},
  year = 2012,
  volume = 85,
  number = 12,
  pages = {2720--2737},
  month = dec,
  note = {}
}

@INCOLLECTION{Weibelzahl05,
  author = {Weibelzahl, Stephan},
  title = {{Problems and Pitfalls in the Evaluation of Adaptive Systems}},
  booktitle = {{Adaptable and Adaptive Hypermedia Systems}},
  publisher = {{IRM Press}},
  year = 2005,
  chapter = 15,
  pages = {285--299},
  address = {},
  editor = {},
  volume = {},
  number = {},
  series = {},
  type = {},
  edition = {},
  month = {},
  note = {}
}

@INPROCEEDINGS{White04,
  author = {White, Steve R and Hanson, James E and Whalley, Ian and Chess, David M and Kephart, Jeffrey O.},
  title = {{An Architectural Approach to Autonomic Computing}},
  booktitle = {{Proceedings of the First International Conference on Autonomic Computing (ICAC'04)}},
  year = 2004,
  editor = {},
  pages = {2--9},
  address = {New York, USA},
  organization = {IEEE},
  publisher = {},
  volume = {},
  number = {},
  series = {},
  month = jul,
  note = {}
}

@INPROCEEDINGS{Redmond02,
  author = {Redmond, Barry and Cahill, Vinny},
  title = {{Supporting Unanticipated Dynamic Adaptation of Application Behaviour}},
  booktitle = {{Proceedings of the 16th European Conference on Object-Oriented Programming (ECOOP'02)}},
  year = 2002,
  editor = {Magnusson, Boris},
  pages = {205--230},
  address = {M\'alaga, Spain},
  organization = {},
  publisher = {Springer},
  volume = {},
  number = {},
  series = {LNCS 2374},
  month = jun,
  note = {}
}

@ARTICLE{Dit13,
  author = {Dit, Bogdan and Revelle, Meghan and Gethers, Malcom and Poshyvanyk, Denis},
  title = {{Feature Location in Source Code: A Taxonomy and Survey}},
  journal = {{Journal of Software: Evolution and Process}},
  publisher = {John Wiley \& Sons, Ltd.},
  year = 2013,
  volume = 25,
  number = 1,
  pages = {53--95},
  month = jan,
  note = {}
}

@INPROCEEDINGS{Makris09,
  author = {Makris, Kristis and Bazzi, Rida A.},
  title = {{Immediate Multi-Threaded Dynamic Software Updates Using Stack Reconstruction}},
  booktitle = {{Proceedings of the 2009 Conference on USENIX Annual Technical Conference (USENIX'09)}},
  year = 2009,
  editor = {Voelker, Geoffrey M. and Wolman, Alec},
  pages = {31--44},
  address = {San Diego, CA, USA},
  organization = {},
  publisher = {},
  volume = {},
  number = {},
  series = {},
  month = jun,
  note = {}
}

@INPROCEEDINGS{Fabry76,
  author = {Fabry, Robert S.},
  title = {{How to Design a System in Which Modules Can Be Changed on the Fly}},
  booktitle = {{Proceedings of the 2nd international conference on Software engineering (ICSE'76)}},
  year = 1976,
  editor = {Yeh, Raymond T. and Ramamoorthy, C. V.},
  pages = {470--476},
  address = {San Francisco, CA, USA},
  organization = {},
  publisher = {IEEE},
  volume = {},
  number = {},
  series = {},
  month = oct,
  note = {}
}

@TECHREPORT{Mlinaric15,
  author = {Mlinari\'c, Danijel},
  title = {{Dynamic Software Updating and Related Challenges}},
  institution = {{University of Zagrab}},
  year = 2015,
  type = {},
  number = {},
  address = {Zagrab, Croatia},
  month = mar,
  note = {}
}

@ARTICLE{Kabanov11,
  author = {Kabanov, Jevgeni},
  title = {{JRebel Tool Demo}},
  journal = {{Electronic Notes Theoretical Computer Science}},
  publisher = {Elsevier},
  year = 2011,
  volume = 264,
  number = 4,
  pages = {51--57},
  month = feb,
  note = {}
}

@INPROCEEDINGS{Gregersen13b,
  author = {Gregersen, Allan Raundahl and Rasmussen, Michael and J{\o}rgensen, Bo N{\o}rregaard},
  title = {{Dynamic Software Updating with Gosh!---Current Status and the Road Ahead}},
  booktitle = {{Proceedings of the 8th International Joint Conference on Software Technologies (ICSOFT'13)}},
  year = 2013,
  editor = {Cordeiro, Jos\'e and Marca, David and van Sinderen, Marten},
  pages = {220--226},
  address = {Reykjavík, Iceland},
  organization = {},
  publisher = {},
  volume = {},
  number = {},
  series = {},
  month = jul,
  note = {}
}

@INPROCEEDINGS{Baumann05,
  author = {Baumann, Andrew and Heiser, Gernot and Appavoo, Jonathan and Da Silva, Dilma and Krieger, Orran and Wisniewski, Robert W. and Kerr, Jeremy},
  title = {{Providing Dynamic Update in an Operating System}},
  booktitle = {{Proceedings of the USENIX Annual Technical Conference (ATAC'05)}},
  year = 2005,
  editor = {Pai, Vivek},
  pages = {279--291},
  address = {Anaheim, CA, USA},
  organization = {},
  publisher = {},
  volume = {},
  number = {},
  series = {},
  month = apr,
  note = {}
}

@INPROCEEDINGS{Chen06,
  author = {Chen, Haibo and Chen, Rong and Zhang, Fengzhe and Zang, Binyu and Yew, Pen-Chung},
  title = {{Live Updating Operating Systems Using Virtualization}},
  booktitle = {{Proceedings of the 2nd International Conference on Virtual Execution Environments (VEE'06)}},
  year = 2006,
  editor = {Boehm, Hans and Grove, David},
  pages = {35--44},
  address = {Ottawa, Canada},
  organization = {},
  publisher = {ACM},
  volume = {},
  number = {},
  series = {},
  month = jun,
  note = {}
}

@CONFERENCE{Griffith06,
  author = {Griffith, Rean and Kaiser, Gail},
  title = {{A Runtime Adaptation Framework for Native C and Bytecode Applications}},
  booktitle = {{Proceedings of the 3rd International Conference on Autonomic Computing (ICAC'06)}},
  year = 2006,
  editor = {Rana, Omer and Yousif, Mazin},
  pages = {93--104},
  address = {Dublin, Ireland},
  organization = {},
  publisher = {IEEE},
  volume = {},
  number = {},
  series = {},
  month = jun,
  note = {}
}

@INPROCEEDINGS{Fleurey09,
  author = {Fleurey, Franck and Solberg, Arnor},
  title = {{A Domain Specific Modeling Language Supporting Specification, Simulation and Execution of Dynamic Adaptive Systems}},
  booktitle = {{Proceedings of the 12th International Conference on Model Driven Engineering Languages and Systems (MoDELS'09)}},
  year = 2009,
  editor = {Sch\"urr, Andy and Selic, Bran},
  pages = {606--621},
  address = {Denver, CO, USA},
  organization = {},
  publisher = {ACM},
  volume = {},
  number = {},
  series = {},
  month = oct,
  note = {}
}

@ARTICLE{Chapin01,
  author = {Chapin, Ned and Hale, Joanne E. and Khan, Khaled Md. and Fern\'andez-Ramil, Juan and Tan, Wui-Gee},
  title = {{Type of Software Evolution and Software Maintenance}},
  journal = {{Journal of Software Maintenance and Evolution: Research and Practice}},
  publisher = {John Wiley \& Sons, Ltd},
  year = 2001,
  volume = 13,
  number = 1,
  pages = {3--30},
  month = feb,
  note = {}
}

@BOOK{Lientz80,
  author = {Lientz, Bennet P. and Swanson, E. Burton},
  editor = {},
  title = {{Software Maintenance Management}},
  publisher = {Addison-Wesley Publishing},
  year = 1980,
  address = {},
  edition = {},
  volume = {},
  number = {},
  series = {},
  month = {},
  note = {}
}

@INPROCEEDINGS{Swanson76,
  author = {Swanson, E. Burton},
  title = {{The Dimensions of Maintenance}},
  booktitle = {{Proceedings of the 2nd International Conference on Software Engineering (ICSE'76)}},
  year = 1976,
  editor = {Yeh, Raymond and Ramamoorthy, C. V.},
  pages = {492--497},
  address = {San Francisco, CA, USA},
  organization = {},
  publisher = {IEEE},
  volume = {},
  number = {},
  series = {},
  month = oct,
  note = {}
}

@ARTICLE{Selic21,
  author = {Seli\'c, Bran},
  title = {{Specifying Dynamic Software System Architectures}},
  journal = {{Software and Systems Modeling}},
  publisher = {Springer},
  year = 2021,
  volume = 20,
  number = {},
  pages = {595--605},
  month = jun,
  note = {}
}

@INPROCEEDINGS{Jouneaux21,
  author = {Jouneaux, Gwendal and Barais, Olivier and Combemale, Beno{\^\i}t and Mussbacher, Gunter},
  title = {{Towards Self-Adaptable Languages}},
  booktitle = {{Proceedings of the International Symposium on New Ideas, New Paradigms, and Reflections on Programming and Software (ONWARD!'21)}},
  year = 2021,
  editor = {De Meuter, Wolfgang},
  pages = {97-113},
  address = {Chicago, IL, USA},
  organization = {},
  publisher = {ACM},
  volume = {},
  number = {},
  series = {},
  month = oct,
  note = {}
}

@ARTICLE{Floch06,
  author = {Floch, Jacqueline and Hallsteinsen, Svein and Stav, Erlend and Eliassen, Frank and Lund, Ketil and Gj{\o}even},
  title = {{Using Architecture Models for Runtime Adaptability}},
  journal = {{IEEE Software}},
  publisher = {IEEE},
  year = 2006,
  volume = 23,
  number = 2,
  pages = {62--70},
  month = mar#"-"#apr,
  note = {}
}

@ARTICLE{Ahmed20,
  author = {Ahmed, Babiker Hussien and Lee, Sai Peck and Su, Moon Ting and Zakari, Abubakar},
  title = {{Dynamic Software Updating: A Systematic Mapping Study}},
  journal = {{IET Software}},
  publisher = {The Institution of Engineering and Technology},
  year = 2020,
  volume = 14,
  number = 5,
  pages = {468--481},
  month = sep,
  note = {}
}

@ARTICLE{Islam23,
  author = {Islam, Chadni and Prokhorenko, Victor and Babar, M. Ali},
  title = {{Runtime Software Patching: Taxonomy, Survey and Future Directions}},
  journal = {{Journal of Systems and Software}},
  publisher = {Elsevier},
  year = 2023,
  volume = 200,
  number = {},
  pages = {},
  month = jun,
  note = {}
}
