@INPROCEEDINGS{Felleisen86,
  author = {Felleisen, Matthias and Friedman, Daniel P.},
  title = {{Control Operators, the SECD-Machine, and the Lambda-Calculus}},
  booktitle = {{Proceedings of the IFIP TC 2/WG 2.2 Working Conference on Formal Description of Programming Concepts}},
  year = 1986,
  editor = {Wirsing, Martin},
  pages = {193--217},
  address = {Ebberup, Denmark},
  organization = {},
  publisher = {Elsevier},
  volume = {},
  number = {},
  series = {},
  month = aug,
  note = {}
}

@ARTICLE{Cox58,
  author = {Cox, David R.},
  title = {{The Regression Analysis of Binary Sequences}},
  journal = {{Journal of the Royal Statistical Society}},
  publisher = {John Wiley and Sons, Ltd},
  year = 1958,
  volume = 20,
  number = 2,
  pages = {215--232},
  month = jul,
  note = {}
}

@ARTICLE{ONeill09,
  author = {O'Neill, Melissa E.},
  title = {{The Genuine Sieve of Eratosthenes}},
  journal = {{Journal of Functional Programming}},
  publisher = {Cambridge University Press},
  year = 2009,
  volume = 15,
  number = 1,
  pages = {95--106},
  month = jan,
  note = {}
}

@ARTICLE{Robbins51,
  author = {Robbins, Herbert and Monro, Sutton},
  title = {{A Stochastic Approximation Method}},
  journal = {{The Annals of Mathematical Statistics}},
  publisher = {Institute of Mathematical Statistics},
  year = 1951,
  volume = 22,
  number = 3,
  pages = {400--407},
  month = sep,
  note = {}
}

