@PHDTHESIS{Rogers03,
  author = {Rogers, Patrick},
  title = {{Software Fault Tolerance, Reflection and the Ada Programming Language}},
  school = {University of York},
  year = 2003,
  address = {York, United Kingdom},
  type = {PhD Thesis},
  month = oct,
  note = {}
}

@INPROCEEDINGS{Chereque92,
 author = {Marc Ch\'er\`eque and David Powell and Philippe\ Reynier and Jean-Luc Richier and Jacques Voiron}, 
 title = {{Active Replication in Delta-4}},
 editor = {},
 booktitle = {Proceeding of the 22nd IEEE International Symposium on Fault Tolerant Computing (FTCS-22)},
 number = {},
 series = {},
 year = 1992,
 address = {Boston, Massachusetts, USA},
 organization = {},
 publisher = {Computer Society Press}, 
 pages = {28-37},
 month = jul,
 note = {}
}

@INPROCEEDINGS{Speirs89,
 author = {Neil A. Speirs and Peter A. Barrett}, 
 title = {{Using Passive Replicates in Delta-4 to Provide Dependable Computing}},
 editor = {},
 booktitle = {Proceeding of the 19th IEEE International Symposium on Fault Tolerant Computing (FTCS-19)},
 number = {},
 series = {},
 year = 1989,
 address = {Chicago, NJ, USA},
 organization = {},
 publisher = {Computer Society Press}, 
 pages = {184-190},
 month = jun,
 note = {}
}

@INPROCEEDINGS{Powell91b,
 author = {David Powell}, 
 title = {{Delta-4: A Generic Architecture for Dependable Distribuited Computing}},
 editor = {},
 booktitle = {Research Reports Project 818$\vert$2252 Esprit},
 number = {},
 series = {},
 year = 1991,
 address = {},
 organization = {},
 publisher = {Springer-Verlag}, 
 pages = {},
 month = {},
 note = {}
}

@ARTICLE{Schneider90,
 author = {Fred B.\ Schneider}, 
 title = {{Implementing Fault Tolerant Services Using the State Machine Approach: a Tutorial}},
 journal = {ACM Computing Surveys},
 year = 1990,
 volume = 22,
 number = 4,
 pages = {299-319},
 month = dec,
 note = {}
}

@ARTICLE{Avizienis85,
 author = {Algirdas Avi\v{z}ienis}, 
 title = {{The N-Version Approach To Fault Tolerant Software}},
 journal = ieeese,
 year = 1985,
 volume = 11,
 number = 12,
 pages = {1491-1501},
 month = dec,
 note = {}
}

@ARTICLE{Ancona90,
 author = {Massimo Ancona and Andrea Clematis and Gabriella Dodero and Eduardo B. Fernandez and Vittoria Gianuzzi}, 
 title = {{A System Architecture for Fault Tolerance in Concurrent Software}},
 journal = {IEEE Computer},
 year = 1990,
 volume = 23,
 number = 10,
 pages = {23-32},
 month = oct,
 note = {}
}

@INPROCEEDINGS{Deconinck93,
 author = {Geert Deconinck and Johan Vounckx and Rudy Lauwereins and J. A. Peperstraete}, 
 title = {{Survey of Backward Error Recovery Techniques for Multicomputers Based on Checkpointing and Rollback}},
 editor = {},
 booktitle = {Procedings of the International Conference on Modelling and Simulation},
 number = {},
 series = {},
 year = 1993,
 address = {Pittsburgh, PA},
 organization = {},
 publisher = {}, 
 pages = {262-265},
 month = may,
 note = {}
}

@ARTICLE{Moser96,
 author = {Louise E.\ Moser and Michael P.\ Melliar-Smith and Deborah A.\ Agarwal and Ravi K.\ Budhia and Colleen A. Lingley-Papadopoulos}, 
 title = {{\textsf{Totem}: A Fault-Tolerant Multicast Group Communication System}},
 journal = cacm,
 year = 1996,
 volume = 39,
 number = 4,
 pages = {54-63},
 month = apr,
 note = {}
}

@ARTICLE{Randell75,
 author = {Brian Randell}, 
 title = {{System Structure for Software Fault Tolerant}},
 journal = {IEEE Transaction on Software Engineering},
 year = 1975,
 volume = "SE-1",
 number = 2,
 pages = {220-232},
 month = jun,
 note = {}
}

@ARTICLE{DeFlorio08,
 author = {De Florio, Vincenzo and Blondia, Chris},
 title = {{A Survey of Linguistic Structures for Application-Level Fault Tolerance}},
 journal = {{ACM Computing Surveys}},
 publisher = {{ACM}},
 year = 2008,
 volume = 40,
 number = 2,
 pages = {},
 month = apr,
 note = {}
}

