@INPROCEEDINGS{Cruz87,
  author = {Cruz, Isabel F. and Mendelzon, Alberto O. and Wood, Peter T.},
  title = {{A Graphical Query Language Supporting Recursion}},
  booktitle = {{Proceedings of the 13th International Conference on Management of Data (SIGMOD'87)}},
  year = 1987,
  editor = {Dayal, Umeshwar},
  pages = {323--330},
  address = {San Francisco, CA, USA},
  organization = {},
  publisher = {ACM},
  volume = {},
  number = {},
  series = {},
  month = may,
  note = {}
}

@INPROCEEDINGS{Barcelo13,
  author = {Barcel\'o, Pablo},
  title = {{Querying Graph Patterns}},
  booktitle = {{Proceedings of the ACM Symposium on Principles of database Systems (PODS'13)}},
  year = 2013,
  editor = {Fan, Wenfei},
  pages = {175--188},
  address = {New York, NY, USA},
  organization = {},
  publisher = {ACM},
  volume = {},
  number = {},
  series = {},
  month = jun,
  note = {}
}

@INPROCEEDINGS{Barcelo11,
  author = {Barcel\'o, Pablo and Libkin, Leonid and Reutter, Juan L.},
  title = {{Querying Graph Patterns}},
  booktitle = {{Proceedings of the ACM Symposium on Principles of Database Systems (PODS'11)}},
  year = 2011,
  editor = {Schwentick, Thomas},
  pages = {199--210},
  address = {Athens, Greece},
  organization = {},
  publisher = {ACM},
  volume = {},
  number = {},
  series = {},
  month = jun,
  note = {}
}

@INPROCEEDINGS{Ellson01,
  author = {Ellson, John and Gansner, Emden and Koutsofios, Lefteris and North, Stephen C. and Woodhull, Gordon},
  title = {{Graphviz---Open Source Graph Drawing Tools}},
  booktitle = {{Proceedings of the 9th International Symposium on Graph Drawing (GD'01)}},
  year = 2001,
  editor = {Mutzel, Petra and J\"unger, Michael and Leipert, Sebastian},
  pages = {483-484},
  address = {Vienna, Austria},
  organization = {},
  publisher = {Springer},
  volume = {},
  number = {},
  series = {Lecture Notes on Computer Science 2265},
  month = sep,
  note = {}
}

@ARTICLE{Syslo82,
  author = {Sys{\l}o, Maciej M.},
  title = {{The Subgraph Isomorphism Problem for Outerplanar Graphs}},
  journal = {{Theoretical Computer Science}},
  publisher = {{Elsevier}},
  year = 1982,
  volume = 17,
  number = 1,
  pages = {91--97},
  month = jan,
  note = {}
}

@BOOK{Rozenberg97,
  editor = {Rozenberg, Grzegorz},
  title = {{Handbook of Graph Grammars and Computing by Graph Transformation, Volume 1: Foundations}},
  publisher = {World Scientific},
  year = 1997,
  address = {},
  edition = {},
  volume = {},
  number = {},
  series = {},
  month = feb,
  note = {}
}

@INPROCEEDINGS{Agrawal03,
  author = {Agrawal, Aditya and Karsai, Gabor and Ledeczi, Akos},
  title = {{An End-to-End Domain-Driven Software Development Framework}},
  booktitle = {{The Companion of the 18th annual ACM SIGPLAN conference on Object-oriented programming, systems, languages, and applications}},
  year = 2003,
  editor = {},
  pages = {8-15},
  address = {Anaheim, CA, USA},
  organization = {},
  publisher = {ACM},
  volume = {},
  number = {},
  series = {},
  month = oct,
  note = {}
}

@TECHREPORT{Rekers95,
  author = {Rekers, Jan and Sch{\"u}rr, Andy},
  title = {{A Parsing Algorithm for Context-Sensitive Graph Grammars}},
  institution = {Leiden University},
  year = 1995,
  type = {Technical Report},
  number = {95-05},
  address = {Leiden, The Netherlands},
  month = jan,
  note = {}
}

@INPROCEEDINGS{Rekers95b,
  author = {Rekers, Jan and Sch{\"u}rr, Andy},
  title = {{A Graph Grammar Approach to Graphical Parsing}},
  booktitle = {{Proceedings of the 11th IEEE Symposium on Visual Languages (SVL'95)}},
  year = 1995,
  editor = {Haarslev, Volker},
  pages = {195--202},
  address = {Darmstadt, Germany},
  organization = {},
  publisher = {IEEE},
  volume = {},
  number = {},
  series = {},
  month = sep,
  note = {}
}

@ARTICLE{Furst11,
  author = {F\"urst, Luka and Mernik, Marjan and Mahni\v{c}, Viljan},
  title = {{Improving the Graph Grammar Parser of Rekers and Sch\"urr}},
  journal = {{IET Software}},
  publisher = {IET},
  year = 2011,
  volume = 5,
  number = 2,
  pages = {246--261},
  month = apr,
  note = {}
}

@INPROCEEDINGS{Ghezzi09,
  author = {Ghezzi, Carlo and Mocci, Andrea and Monga, Mattia},
  title = {{Synthesizing Intensional Behavior Models by Graph Transformation}},
  booktitle = {{Proceedings of the 31\textsuperscript{st} International Conference on Software Engineering (ICSE'09)}},
  year = 2009,
  editor = {},
  pages = {430-440},
  address = {Vancouver, Canada},
  organization = {IEEE},
  publisher = {},
  volume = {},
  number = {},
  series = {},
  month = may,
  note = {}
}

@INPROCEEDINGS{Rekers94,
  author = {Rekers, Jan},
  title = {{On the Use of Graph Grammars for Defining the Syntax of Graphical Languages}},
  booktitle = {{Proceedings of the Colloquium on Graph Transformation and its Application in Computer Science}},
  year = 1994,
  editor = {Valiente Feruglio, Gabriel and Rossell√≥ Llompart, Francesc},
  pages = {},
  address = {Palma de Mallorca, Spain},
  organization = {},
  publisher = {},
  volume = {},
  number = {},
  series = {},
  month = mar,
  note = {}
}

@ARTICLE{Golin91,
  author = {Golin, Eric J.},
  title = {{Parsing Visual Languages with Picture Layout Grammars}},
  journal = {{Journal of Visual Languages and Computing}},
  year = 1991,
  publisher = {Elsevier},
  volume = 2,
  number = 4,
  pages = {371-394},
  month = {},
  note = {}
}

@ARTICLE{Rekers97,
  author = {Rekers, Jan and Sch{\"u}rr, Andy},
  title = {{Defining and Parsing Visual Languages with Layered Graph Grammars}},
  journal = {{Journal of Visual Languages and Computing}},
  year = 1997,
  volume = 8,
  number = 1,
  pages = {27-55},
  month = feb,
  note = {}
}

@INPROCEEDINGS{Schurr95,
  author = {Sch{\"u}rr, Andy and Winter, Andreas J.\ and Z{\"u}ndorf, Albert},
  title = {{Graph Grammar Engineering with PROGRES}},
  booktitle = {{Proceedings of the 5th European Software Engineering Conference (ESEC'95)}},
  year = 1995,
  editor = {Botella, Pere and Sch{\"a}fer, Wilhelm},
  pages = {219-234},
  address = {Sitges, Spain},
  organization = {},
  publisher = {Springer},
  volume = {},
  number = {},
  series = {LNCS 989},
  month = sep,
  note = {}
}

@INPROCEEDINGS{Barendregt87,
  author = {Hendrik Barendregt and van Eekelen, Marko and John Glaubert and Richard Kennaway and Rinus Plasmeijer and Ronan Sleep},
  title = {{Term Graph Rewriting}},
  booktitle = {{Proceedings of Parallel Architectures and Languages Europe (PARLE'87)}},
  year = 1987,
  editor = {de Bakker, Jaco W.\ and Nijman, A.\ J.\ and Treleaven, Philip C.},
  pages = {141-158},
  address = {Eidhoven, The Netherlands},
  organization = {},
  publisher = {Springer},
  volume = {},
  number = {},
  series = {LNCS 259},
  month = jun,
  note = {}
}

@INPROCEEDINGS{Ehrig79,
  author = {Ehrig, Hartmut},
  title = {{Introduction to the Algebraic Theory of Graph Grammars (a Survey)}},
  booktitle = {{Proceedings of the International Workshop on Graph-Grammars and Their Application to Computer Science and Biology}},
  year = 1979,
  editor = {Claus, Volker and Ehrig, Hartmut and Rozenberg, Grzegorz},
  pages = {1-69},
  address = {Berlin, Germany},
  organization = {},
  publisher = {Springer},
  volume = {},
  number = {},
  series = {LNCS 73},
  month = nov,
  note = {}
}

@ARTICLE{Ullmann76,
 author = {Ullmann, Jeffries R.},
 title = {{An Algorithm for Subgraph Isomorphism}},
 journal = {{Journal of ACM}},
 volume = 23,
 number = 1,
 year = 1976,
 issn = {0004-5411},
 pages = {31-42},
 publisher = {ACM Press},
 address = {New York, NY, USA}
}

@ARTICLE{Read87,
 author = {Read, Ronald C.},
 title = {{A New Method for Drawing a Planar Graph Given the Cyclic Order of the Edges at Each Vertex}},
 journal = {Congressus. Numerantium},
 year = 1987,
 volume = 56,
 number = {},
 pages = {31-44},
 month = {},
 note = {}
}

@ARTICLE{Reinglod97,
  author = {Reingold, Edward M. and Urban, Kenneth J. and Gries, David},
  title = {{K-M-P String Matching Revisited}},
  journal = {Information Processing Letters},
  year = 1997,
  volume = 64,
  number = 5,
  pages = {217-223},
  month = dec,
  note = {}
}

@ARTICLE{Hoffmann82,
  author = {Hoffmann, Christoph M. and  O'Donnell, Michael J.},
  title = {{Pattern Matching in Trees}},
  journal = {Journal of ACM},
  volume = 29,
  number = 1,
  year = 1982,
  issn = {0004-5411},
  pages = {68-95},
  publisher = {ACM Press},
  address = {}
}

@ARTICLE{Shapiro81,
  author = {Shapiro, Linda G. and Haralick, Robert M.},
  title = {{Structural Descriptions and Inexact Matching}},
  journal = {IEEE Transactions on Pattern Analysis and Machine Intelligence},
  year = 1981,
  volume = 3,
  number = 5,
  pages = {504-519},
  month = {},
  note = {}
}

@ARTICLE{Tamassia89,
 author = {Tamassia, Roberto and Tollis, Ioannis G.},
 title = {{Planar Grid Embedding in Linear Time}},
 journal = {IEEE Transactions on Circuits and Systems},
 year = 1989,
 volume = 36,
 number = 9,
 pages = {1230-1234},
 month = sep,
 note = {}
}

@ARTICLE{Rosenstiehl86,
 author = {Rosenstiehl, Pierre and Tarjan, Robert E.},
 title = {{Rectilinear Planar Layouts and Bipolar Orientations of Planar Graphs}},
 journal = {Discrete and Computational Geometry},
 year = 1986,
 volume = 1,
 number = 4,
 pages = {343-353},
 month = {},
 note = {}
}

@ARTICLE{Tamassia86,
 author = {Tamassia, Roberto and Tollis, Ioannis G.},
 title = {{A Unified Approach to Visibility Representations of Planar Graphs}},
 journal = {Discrete and Computational Geometry},
 year = 1986,
 volume = 1,
 number = 4,
 pages = {321-341},
 month = {},
 note = {}
}

@INPROCEEDINGS{Kant93,
 author = {Kant, Goos and He, Xin},
 title = {{Two Algorithms for Finding Rectangular Duals of Planar Graphs}},
 editor = {van Leeuwen, Jan},
 booktitle = {Proceedings of the 19th International Workshop on Graph-Theoretic Concepts in Computer Science (WG'93)},
 number = {},
 series = {LNCS 790},
 year = 1993,
 address = {Utrecht, The Netherlands},
 organization = {},
 publisher = {Springer},
 pages = {396-410},
 month = jun,
 note = {}
}

@ARTICLE{Biedl97,
 author = {Biedl, Therese C. and Kant, Goos and Kaufmann, Michael},
 title = {{On Triangulating Planar Graphs Under the Four-Connectivity Constraint}},
 journal = {Algoritmica},
 year = 1997,
 volume = 19,
 number = 4,
 pages = {427-446},
 month = dec,
 note = {}
}

@ARTICLE{Accornero00,
 author = {Accornero, Anna and Ancona, Massimo and Varini, Sonia},
 title = {{All Separating Triangles in a Plane Graph Can Be Optimally ``Broken'' in Polynomial Time}},
 journal = {International Journal of Foundations of Computer Science},
 year = 2000,
 volume = 11,
 number = 3,
 pages = {405-421},
 month = {},
 note = {}
}

@TECHREPORT{Ancona04,
 author = {Ancona, Massimo and Drago, Sara and Mazzarello, Paolo Alfredo},
 title = {{OCoRD: Optimal Constructor of a Rectangular Dual-Software Documentation}},
 institution = {DISI, Universit\`a degli Studi di Genova},
 type = {Internal Report},
 number = {},
 address = {},
 year = 2004,
 month = aug,
 note = {}
}

@BOOK{Kaufmann01,
 editor = {Kaufmann, Michael and Wagner, Dorothea},
 title = {{Drawing Graphs: Methods and Models}},
 volume = 2025,
 series = {Lecture Notes in Computer Science},
 publisher = {Springer},
 address = {},
 month = {},
 year = 2001
}

@INPROCEEDINGS{Six98,
 author = {Six, Janet M. and Kakoulis, Konstantinos G. and Tollis, Ioannis G.},
 title = {{Refinement of Orthogonal Graph Drawings}},
 editor = {},
 booktitle = {Proceedings of 6th International Symposium on Graph Drawing (GD'98)},
 number = {},
 series = {LNCS 1547},
 year = 1998,
 address = {Montr{\'e}al, Canada},
 organization = {},
 publisher = {},
 pages = {302-315},
 month = aug,
 note = {}
}


@INPROCEEDINGS{Parekh02,
 author = {Ojas Parekh},
 title = {{Edge Dominating and Hypomatchable Sets}},
 editor = {},
 booktitle = {Proceedings of 13th Annual ACM-SIAM Symposium on Discrete Algorithms (SODA'02)},
 number = {},
 series = {},
 year = 2002,
 address = {San Francisco, CA, USA},
 organization = {},
 publisher = {ACM/SIAM},
 pages = {287-291},
 month = jan,
 note = {}
}


@INCOLLECTION{Edmonds70,
 author = {Edmonds, Jack and Johnson, Ellis L.},
 title = {{Matching: A Well-Solved Class of Integer Linear Programs}},
 editor = {Michael J{\"u}nger and Gerhard Reinelt and Giovanni Rinaldi},
 booktitle = {Combinatorial Optimization: Eureka, You Shrink!, Papers Dedicated to Jack Edmonds},
 volume = {},
 series = {LNCS 2570},
 year = 2003,
 address = {},
 organization = {},
 publisher = {Springer},
 pages = {27-30},
 month = jul,
 note = {}
}

@ARTICLE{Gabow76,
 author = {Gabow, Harold N.},
 title = {{An Efficient Implementation of Edmond's Algorithm for Maximum Matching on Graphs}},
 journal = {Journal of ACM},
 year = 1976,
 volume = 23,
 number = 2,
 pages = {221-234},
 month = {},
 note = {}
}

@ARTICLE{Galil86,
 author = {Galil, Zvi},
 title = {{Efficient Algorithms for Finding Maximum Matching in Graphs}},
 journal = {ACM Computing Surveys},
 year = 1986,
 volume = 18,
 number = 1,
 pages = {23-38},
 month = mar,
 note = {}
}

@BOOK{West01,
 author = {West, Douglas B.},
 editor = {},
 title = {{Introduction to Graph Theory}},
 publisher = {{Prentice Hall}},
 year = 2011,
 address = {Upper Saddle River},
 edition = {second},
 volume = {},
 number = {},
 series = {},
 month = {},
 note = {}
}

@INPROCEEDINGS{Chan97,
 author = {Chan, Timothy M. and Goodrich, Michael T. and Kosaraju, S. Rao and Tamassia, Roberto},
 title = {{Optimizing Area and Aspect Ratio in Straight-Line Orthogonal Tree Drawings}},
 editor = {North, Stephen C.},
 booktitle = {Proceedings of 4th International Symposium on Graph Drawing (GD'96)},
 number = {},
 series = {LNCS 1190},
 year = 1996,
 address = {Berkeley, California, USA},
 organization = {},
 publisher = {},
 pages = {63-75},
 month = sep,
 note = {}
}

@ARTICLE{Lai88,
 author = {Lai, Yen-Tai and Leinwand, Sany M.},
 title = {{Algorithms for Floorplan Design Via Rectangular Dualization}},
 journal = {IEEE Transaction on Computer-Aided Design},
 year = 1988,
 volume = 7,
 number = {},
 pages = {1278-1289},
 month = {},
 note = {}
}

@ARTICLE{Haralick80,
  author = {Haralick, Robert M. and Elliott, Gordon L.},
  title = {{Increasing Tree Search Efficiency for Constraint Satisfaction Problems}},
  journal = {{Artificial Intelligence}},
  year = 1980,
  volume = 14,
  number = 3,
  pages = {263-313},
  month = {},
  note = {}
}

@INPROCEEDINGS{Lu00,
  author = {Lu, Hsiao-Tsu and Yang, Wuu},
  title = {{A Simple Tree Pattern-Matching Algorithm}},
  booktitle = {{Proceedings of the Workshop on Algorithms and Theory of Computation}},
  year = 2000,
  editor = {},
  pages = {},
  address = {Chiayi, Taiwan},
  organization = {},
  publisher = {},
  volume = {},
  number = {},
  series = {},
  month = dec,
  note = {}
}
