@ARTICLE{Gobbetti06,
  author = {Gobbetti, Enrico and Marton, Fabio and Cignoni, Paolo and Di Benedetto, Marco and Ganovelli, Fabio},
  title = {{C-BDAM---Compressed Batched Dynamic Adaptive Meshes for Terrain Rendering}},
  journal = {{Computer Graphics Forum}},
  publisher = {Wiley and Son.},
  year = 2006,
  volume = 25,
  number = 3,
  pages = {333--342},
  month = dec,
  note = {Proceedings of Eurographics 2006}
}

@INPROCEEDINGS{Cignoni00,
  author = {Cignoni, Paolo and Constanza, D. and Montani, Claudio and Rocchini, Claudio and Scopigno, Roberto},
  title = {{Simplification of Tetrahedral Meshes with Accurate Error Evaluation}},
  booktitle = {{Proceedings of the Conference on Visualization (VIS'00)}},
  year = 2000,
  editor = {Ertl, Thomas and Hamann, Bernd and Varshney, Amitabh},
  pages = {85--92},
  address = {Salt Lake City, Utah, USA},
  organization = {},
  publisher = {IEEE Press},
  volume = {},
  number = {},
  series = {},
  month = oct,
  note = {}
}

@ARTICLE{Cignoni99,
  author = {Cignoni, Paolo and Montani, Claudio and Rocchini, Claudio and Scopigno, Roberto and Tarini, Marco},
  title = {{Preserving Attribute Values on Simplified Meshes by Resampling Detail Textures}},
  journal = {{The Visual Computer}},
  publisher = {Springer},
  year = 1999,
  volume = 15,
  number = 10,
  pages = {519--539},
  month = dec,
  note = {}
}

@INPROCEEDINGS{Hoppe96,
  author = {Hoppe, Hugues},
  title = {{Progressive Meshes}},
  booktitle = {{Proceedings of the 23rd Annual Conference on Computer Graphics and Interactive Techniques (SIGGRAPH'96)}},
  year = 1996,
  editor = {},
  pages = {99--108},
  address = {New Orleans, Louisiana, USA},
  organization = {},
  publisher = {},
  volume = {},
  number = {},
  series = {},
  month = aug,
  note = {}
}

@INPROCEEDINGS{Schroeder92,
  author = {Schroeder, William J. and Zarge, Jonathan A. and Lorensen, William E.},
  title = {{Decimation of Triangle Meshes}},
  booktitle = {{Proceedings of the 19th Annual Conference on Computer Graphics and Interactive Techniques (SIGGRAPH'92)}},
  year = 1992,
  editor = {Thomas, James J.},
  pages = {65--70},
  address = {Chicago, IL, USA},
  organization = {},
  publisher = {ACM},
  volume = {},
  number = {},
  series = {},
  month = jul,
  note = {}
}

@INPROCEEDINGS{Mueller06,
  author = {M\"uller, Pascal and Wonka, Peter and Haegler, Simon and Ulmer, Andreas and Van Gool, Luc},
  title = {{Procedural Modeling of Buildings}},
  booktitle = {{Proceedings of the 33rd Annual Conference on Computer Graphics and Interactive Techniques (SIGGRAPH'06)}},
  year = 2006,
  editor = {Dorsey, Julie},
  pages = {614--623},
  address = {Boston, MA, USA},
  organization = {},
  publisher = {ACM},
  volume = {},
  number = {},
  series = {},
  month = aug,
  note = {}
}

@BOOK{Eberly01,
  author = {Eberly, David H.},
  editor = {},
  title = {{3D Game Engine Design: A Practical Approach to Real-Time Computer Graphics}},
  publisher = {Morgan Kaufmann},
  year = 2001,
  address = {},
  edition = {},
  volume = {},
  number = {},
  series = {},
  month = {},
  note = {}
}

@ARTICLE{Lindholm08,
  author = {Lindholm, Erik and Nickolls, John and Oberman, Stuart and Montrym, John},
  title = {{NVIDIA Tesla: A Unified Graphics and Computing Architecture}},
  journal = {{IEEE Micro}},
  publisher = {IEEE},
  year = 2008,
  volume = 28,
  number = 2,
  pages = {39--55},
  month = mar#"/"#apr,
  note = {}
}

@INPROCEEDINGS{Lee10,
  author = {Lee, Victor W. and Kim, Changkyu and Chhugani, Jatin and Deisher, Michael and Kim, Daehyun and Nguyen, Anthony D. and Satish, Nadathur and Smelyanshiy, Mikhail and Chennupaty, Srinivas and Hammarlund, Per and Singhal, Ronak and Dubey, Pradeep},
  title = {{Debunking the 100X GPU vs CPU Myth: An Evaluation of Throughput Computing on CPU and GPU}},
  booktitle = {{Proceedings of the 37th Annual International Symposium on Computer Architecture (ISCA'10)}},
  year = 2010,
  editor = {Weiser, Uri and Ronen, Ronny},
  pages = {451--460},
  address = {Saint-Mal\'o, France},
  organization = {},
  publisher = {ACM},
  volume = {},
  number = {},
  series = {},
  month = jun,
  note = {}
}

@INPROCEEDINGS{Thomas14,
  author = {Thomas, Winnie and Daruwal, Rohin D.},
  title = {{Performance Comparison of CPU and GPU on a Discrete Heterogeneous Architecture}},
  booktitle = {{Proceedings of the 2014 International Conference on Circuits, Systems, Communication and Information Technology Applications (CSCITA'14)}},
  year = 2014,
  editor = {},
  pages = {271--276},
  address = {Mumbai, India},
  organization = {},
  publisher = {IEEE},
  volume = {},
  number = {},
  series = {},
  month = apr,
  note = {}
}

@ARTICLE{Che08,
  author = {Che, Shuai and Boyer, Michael and Meng, Jiayuan and Tarjan, David and Sheaffer, Jeremy W. and Shadron, Kevin},
  title = {{A Performance Study of General-Purpose Applications on Graphics Processors Using CUDA}},
  journal = {{Journal of Parallel Distributed Computing}},
  publisher = {Elsevier},
  year = 2008,
  volume = 68,
  number = 10,
  pages = {1370--1380},
  month = oct,
  note = {}
}

@ARTICLE{Gansner00,
  author = {Gansner, Emden R. and North, Stephen C.},
  title = {{An Open Graph Visualization System and Its Applications to Software Engineering}},
  journal = {{Software: Practice and Experience}},
  publisher = {Wiley and Sons},
  year = 2000,
  volume = 30,
  number = 11,
  pages = {1203--1233},
  month = aug,
  note = {}
}

