@BOOK{lova:libro,
   author = {M.Gr\"otschel and L.Lov\'asz and A.Schrijver},
   title = {Geometric Algorithms and Combinatorial Optimization},
   volume = {},
   series = {},
   publisher = {Springer-Verlag},
   address = {},
   edition = {},
   month = {},
   year = {1988},
   note = {},
}    

@ARTICLE{lova:ellipsoid,
   author = {M.Gr\"otschel and L.Lov\'asz and A.Schrijver},
 title = {The ellipsoid method and its consequences in combinatorial
 optimization},
 journal = {Combinatorica},
 year = {1981},
 volume = {1},
 pages = {169-197},
 month = {},
 note = {}
}

@ARTICLE{knuth:sandwich,
 author = {Donald E.Knuth}, 
 title = {The Sandwich Theorem},
 journal = {The Electronic Journal of Combinatorics},
 year = {1994},
 volume = {1},
 pages = {1-48},
 month = {},
 note = {}
}

@BOOK{symour:algebra,
   author = {Lipschutz and Seymour},
   title = {Linear algebra},
   volume = {},
   series = {},
   publisher = {Collana Schaum},
   address = {},
   edition = {},
   month = {},
   year = {1975},
   note = {},
}    

@BOOK{maxwell:algebra,
   author = {E.A.Maxwell},
   title = {Algebraic structure and matrices},
   volume = {},
   series = {},
   publisher = {},
   address = {},
   edition = {Cambridge university press},
   month = {},
   year = {1965},
   note = {Ristampato nel 1969},
}    

@BOOK{Christo:grafi,
   author = {N.Christofides},
   title = {Graph theory},
   volume = {},
   series = {},
   publisher = {},
   address = {},
   edition = {London : Academic Press},
   month = {},
   year = {1975},
   note = {},
}    

@BOOK{,
   author = {R.J.Wilson},
   title = {Introduction to graph theory},
   volume = {},
   series = {},
   publisher = {},
   address = {},
   edition = {Edinburgh : Oliver and Boyd},
   month = {},
   year = {1972},
   note = {},
}    


