@STRING(cacm = "Communications of the ACM")

@ARTICLE{Olsen05,
  author = {Olsen, Anne L.},
  title = {{Using Pseudocode to Teach Problem Solving}},
  journal = {{Journal of Computing Sciences in Colleges}},
  year = 2005,
  volume = 21,
  number = 2,
  pages = {231--236},
  month = dec,
  note = {}
}

@ARTICLE{Kirschner06,
  author = {Kirschner, Paul A. and Sweller, John and Clark, Richard E.},
  title = {{Why Minimal Guidance During Instruction Does Not Work: An Analysis of the Failure of Constructivist, Discovery, Problem-Based, Experimental, and Inquiry-Based Teaching}},
  journal = {{Educational, Psychologist}},
  publisher = {Lawrence Erlbaum Associates},
  year = 2006,
  volume = 41,
  number = 2,
  pages = {75--86},
  month = {},
  note = {}
}

@INPROCEEDINGS{Wells89,
  author = {Wells, Mark B. and Kurtz, Barry L.},
  title = {{Teaching Multiple Programming Paradigms: A Proposal for a Paradigm General Pseudocode}},
  booktitle = {{Proceedings of the 20th Technical Symposium on Computer Science Education (SIGCSE'89)}},
  year = 1989,
  editor = {Barrett, Robert A. and Mansfield, Maynard J.},
  pages = {246--251},
  address = {Louisville, KY, USA},
  organization = {},
  publisher = {},
  volume = {},
  number = {},
  series = {},
  month = feb,
  note = {}
}

@ARTICLE{Barr15,
  author = {Barr, Valerie and Guzdial, Mark},
  title = {{Advice on Teaching CS, and the Learnability of Programming Languages}},
  journal = cacm,
  year = 2015,
  volume = 58,
  number = 3,
  pages = {8--9},
  month = mar,
  note = {}
}

@ARTICLE{Gudzial15,
  author = {Gudzial, Mark},
  title = {{What's the Best Way to Teach Computer Science to Beginners?}},
  journal = cacm,
  year = 2015,
  volume = 58,
  number = 2,
  pages = {12--13},
  month = feb,
  note = {}
}

@BOOK{Bach11,
  author = {Bach, James Marcus},
  editor = {},
  title = {{Secrets of a Buccaneer-Scholar: Self-Education and the Pursuit of Passion}},
  publisher = {{Simon \& Schuster, Inc}},
  year = 2011,
  address = {},
  edition = {},
  volume = {},
  number = {},
  series = {},
  month = {},
  note = {}
}

@INPROCEEDINGS{Mason12,
  author = {Mason, Raina and Cooper, Graham},
  title = {{Why the Bottom 10\% Just Can't Do It---Mental Effort Measures and Implication for Introductory Programming Courses}},
  booktitle = {{Proceedings of the 14th Australasian Computing Education Conference (ACE'12)}},
  year = 2012,
  editor = {de Raadt, Michael and Carbone, Angela},
  pages = {187--196},
  address = {Melbourne, Australia},
  organization = {},
  publisher = {},
  volume = 123,
  number = {},
  series = {},
  month = {},
  note = {}
}

@ARTICLE{Winslow96,
  author = {Winslow, Leon E.},
  title = {{Programming Pedagogy---A Psychological Overview}},
  journal = {{ACM SIGCSE Bulletin}},
  year = 1996,
  volume = 28,
  number = 3,
  pages = {17--22},
  month = sep,
  note = {}
}

@ARTICLE{Wiedenbeck99,
  author = {Wiedenbeck, Susan and Ramalingam, Vennila},
  title = {{Novice Comprehension of Small Programs Written in the Procedural and Object-Oriented Styles}},
  journal = {{International Journal of Human-Computer Studies}},
  publisher = {Academic Press},
  year = 1999,
  volume = 51,
  number = 1,
  pages = {71--87},
  month = jul,
  note = {}
}

@ARTICLE{Chou11,
  author = {Chou, Pao-Nan and Hsiao, Hsi-Chi},
  title = {{An Alternative Learning Strategy to Support Engineering Students' Programming Skills: A Case Study}},
  journal = {{Global Journal of Engineering Education}},
  year = 2011,
  volume = 13,
  number = 1,
  pages = {6--11},
  month = {},
  note = {}
}

@INPROCEEDINGS{Malan04,
  author = {Malan, Katherine and Halland, Ken},
  title = {{Examples that Can Do Harm in Learning Programming}},
  booktitle = {{Proceedings of the 19th Annual Conference on Object-Oriented Programming Systems, Languages, and Applications (OOPSLA'04)}},
  year = 2004,
  editor = {Vlissides, John M. and Schmidt, Doug C.},
  pages = {83--87},
  address = {Vancouver, BC, Canada},
  organization = {},
  publisher = {},
  volume = {},
  number = {},
  series = {},
  month = oct,
  note = {}
}

@ARTICLE{Weisert02,
  author = {Weisert, Conrad},
  title = {{Pseudo Object-Oriented Programming Considered Harmful}},
  journal = {{ACM Sigplan Notices}},
  publisher = {ACM},
  year = 2002,
  volume = 37,
  number = 4,
  pages = {31-31},
  month = apr,
  note = {}
}

@ARTICLE{Westfall01,
  author = {Westfall, Ralph},
  title = {{«Hello World» Considered Harmful}},
  journal = cacm,
  publisher = {ACM},
  year = 2001,
  volume = 44,
  number = 10,
  pages = {129-130},
  month = oct,
  note = {}
}

@INPROCEEDINGS{Schneider78,
  author = {Schneider, G. Michael},
  title = {{The Introductory Programming Course in Computer Science: Ten Principles}},
  booktitle = {{Proceedings of the SIGCSE/CSA Technical Symposium on Computer Science Education (SIGCSE'78)}},
  year = 1978,
  editor = {Williams, Kenneth},
  pages = {107--114},
  address = {},
  organization = {},
  publisher = {ACM},
  volume = 10,
  number = 1,
  series = {},
  month = feb,
  note = {}
}

@ARTICLE{Robins02,
  author = {Robins, Anthony and Rountree, Janet and Rountree, Nathan},
  title = {{Learning and Teaching Programming: A Review and Discussion}},
  journal = {{Computer Science Education}},
  publisher = {Routledge},
  year = 2003,
  volume = 13,
  number = 2,
  pages = {137--172},
  month = mar,
  note = {}
}

@INPROCEEDINGS{Findler97,
  author = {Findler, Robert Bruce and Flanagan, Cormac and Flatt, Matthew and Krishnamurthi, Shriram and Felleisen, Matthias},
  title = {{DrScheme: A Pedagogic Programming Environment for Scheme}},
  booktitle = {{Proceedings of the 9th International Symposium on Programming Languages: Implementations, Logics, and Programs (PLILP'97)}},
  year = 1997,
  editor = {},
  pages = {369--388},
  address = {Southampton, UK},
  organization = {},
  publisher = {Springer},
  volume = {},
  number = {},
  series = {Lecture Notes in Computer Science 1292},
  month = sep,
  note = {}
}

@INPROCEEDINGS{Gray03,
  author = {Gray, Kathryn E. and Flatt, Matthew},
  title = {{ProfessorJ: A Gradual Introduction to Java through Language Levels}},
  booktitle = {{Proceedings of the 18th Annual Conference on Object-Oriented Programming, Systems, Languages, and Applications (OOPSLA'03)}},
  year = 2003,
  editor = {Steele, Jr, Guy and Gabriel, Richard P.},
  pages = {170--177},
  address = {Anaheim, CA, USA},
  organization = {},
  publisher = {ACM Press},
  volume = {},
  number = {},
  series = {},
  month = oct,
  note = {}
}

@INPROCEEDINGS{Ward98,
  author = {Ward, Robert and Martin, Smith},
  title = {{JavaScript as a First Programming Language for Multimedia Students}},
  booktitle = {{Proceedings of the 6th Annual Conference on the Teaching of Computing (ITiCSE'98)}},
  year = 1998,
  editor = {Davies, Gordon and \'O'Higeartaigh, M{\'\i}che\'al},
  pages = {249--253},
  address = {Dublin, Ireland},
  organization = {},
  publisher = {},
  volume = {},
  number = {},
  series = {},
  month = aug,
  note = {}
}

@ARTICLE{Feurzeig70,
  author = {Feurzeig, Wallace and Papert, Seymour and Bloom, Marjorie and Grant, Richard and Solomon, Cynthia},
  title = {{Programming Languages as a Conceptual Framework for Teaching Mathematics}},
  journal = {{ACM SIGCUE Outlook}},
  publisher = {ACM Press},
  year = 1970,
  volume = 4,
  number = 2,
  pages = {13--17},
  month = apr,
  note = {}
}

@ARTICLE{Holt77,
  author = {Holt, Richard C. and Wortman, David B. and Barnard, David T. and Cordy, James R.},
  title = {{SP/k: A System for Teaching Computer Programming}},
  journal = cacm,
  year = 1977,
  volume = 20,
  number = 5,
  pages = {301--309},
  month = apr,
  note = {}
}

@INCOLLECTION{Petre94,
  author = {Petre, Marian},
  title = {{A Paradigm, Please---and Heavy on the Culture}},
  booktitle = {{User-Centred Requirements for Software Engineering Environments}},
  publisher = {Springer},
  year = 1994,
  chapter = {},
  pages = {273--284},
  address = {},
  editor = {Gilmore, David J. and Winder, Russel L. and D\'etienne, Fran\c{c}oise},
  volume = {},
  number = {},
  series = {Lecture Notes in Computer Science 123},
  type = {},
  edition = {},
  month = {},
  note = {}
}

@UNPUBLISHED{Victor12,
  author = {Victor, Bret},
  title = {{Learnable Programming}},
  year = 2012,
  month = sep,
  note = {Available at \url{http://worrydream.com/LearnableProgramming}.},
}

@ARTICLE{Linn92,
  author = {Linn, Marcia C. and Clancy, Michael J.},
  title = {{The Case for Case Studies of Programming Problems}},
  journal = cacm,
  publisher = {ACM},
  year = 1992,
  volume = 35,
  number = 3,
  pages = {121--132},
  month = mar,
  note = {}
}

@INCOLLECTION{Bennedsen08,
  author = {Bennedsen, Jens and Caspersen, Michael},
  title = {{Model-Driven Programming}},
  booktitle = {{Reflections on the Teaching of Programming}},
  year = 2008,
  editor = {Bennedsen, Jens and Caspersen, Michael E. and K\"olling, Michael},
  pages = {116--129},
  address = {},
  organization = {},
  publisher = {Springer},
  volume = {},
  number = {},
  series = {Lecture Notes in Computer Science 4821},
  month = {},
  note = {}
}

@PHDTHESIS{Bennedsen08b,
  author = {Bennedsen, Jens},
  title = {{Teaching and Learning Introductory Programming}},
  school = {{University of Oslo}},
  year = 2008,
  address = {Oslo, Norway},
  type = {PhD Thesis},
  month = {},
  note = {}
}

@ARTICLE{Mitchell01,
  author = {Mitchell, William},
  title = {{A Paradigm Shift to OOP Has Occurred ... Implementation to Follow}},
  journal = {{Journal of Computing Sciences in Colleges}},
  year = 2001,
  volume = 16,
  number = 2,
  pages = {94--105},
  month = jan,
  note = {}
}

@PHDTHESIS{Govender06,
  author = {Govender, Irene},
  title = {{Learning to Program, Learning to Teach Programming: Pre- and In-Service Teachers' Experiences of an Object-Oriented Language}},
  school = {{University of South Africa}},
  year = 2006,
  address = {},
  type = {PhD Thesis},
  month = nov,
  note = {}
}

@ARTICLE{Nanz12,
  author = {Nanz, Sebastian and Torshizi, Faraz and Pedroni, Michela and Meyer, Bertrand},
  title = {{Design of an Empirical Study for Comparing the Usability of Concurrent Programming Languages}},
  journal = {{Information and Software Technology}},
  publisher = {Elsevier},
  year = 2012,
  volume = 55,
  number = {},
  pages = {1304--1315},
  month = sep,
  note = {}
}

@TECHREPORT{Pedroni10,
  author = {Pedroni, Michela and Oriol, Manuel and Meyer, Bertrand},
  title = {{The Prior Experience of Entering CS Students}},
  institution = {ETH},
  year = 2010,
  type = {Technical Report},
  number = 712,
  address = {Z\"urich},
  month = {},
  note = {}
}

@INCOLLECTION{Rogalski90,
  author = {Rogalski, Janine and Samur\c{c}ay, Renan},
  editor = {Hoc, Jean-Michel and Green, T. R. G. and Samur\c{c}ay, Renan and Gilmore, David J.},
  title = {{Acquisition of Programming Knowledge and Skills}},
  booktitle = {{Psychology of Programming}},
  publisher = {{Academic Press Limited}},
  year = 1990,
  chapter = {2.4},
  pages = {157--174},
  address = {},
  volume = {},
  number = {},
  series = {},
  type = {},
  edition = {},
  month = {},
  note = {}
}

@INPROCEEDINGS{Paige14,
  author = {Paige, Richard F. and Polack, Fiona A. C. and Kolovos, Dimitrios S. and Rose, Louis M. and Matragkas, Nicholas and Williams, James R.},
  title = {{Bad Modelling Teaching Practices}},
  booktitle = {{Proceedings of the ACM/IEEE 17th International Conference on Model Driven Engineering Languages and Systems (MoDELS'14)}},
  year = 2014,
  editor = {},
  pages = {1--12},
  address = {Valencia, Spain},
  organization = {},
  publisher = {},
  volume = {},
  number = {},
  series = {},
  month = oct,
  note = {{Keynote}}
}

@ARTICLE{Hadjerrouit98,
  author = {Hadjerrouit, Said},
  title = {{Java as First Programming Language: A Critical Evaluation}},
  journal = {{ACM SIGCSE Bulleting}},
  publisher = {ACM},
  year = 1998,
  volume = 30,
  number = 2,
  pages = {43--47},
  month = jun,
  note = {}
}

@INPROCEEDINGS{Hofuku13,
  author = {Hofuku, Yayoi and Cho, Shinya and Nishida, Tomohiro and Kanemune, Susumu},
  title = {{Why Is Programming Difficult? Proposal for Learning Programming in ``Small Steps'' and a Prototype Tool for Detecting ``Gaps''}},
  booktitle = {{Proceedings of the 6th International Conference on Informatics in Schools: Situation, Evolution and Perspectives (ISSEP'13)}},
  year = 2013,
  editor = {},
  pages = {13--24},
  address = {Oldenburg, Germany},
  organization = {},
  publisher = {},
  volume = {},
  number = {},
  series = {},
  month = feb#"-"#mar,
  note = {}
}

@INPROCEEDINGS{Charters14,
  author = {Charters, Polina and Lee, Michael J. and Ko, Andrew J. and Loksa, Dastyni},
  title = {{Challenging Sterotypes and Changing Attitudes: The Effect of a Brief Programming Encounter on Adults' Attitudes toward Programming}},
  booktitle = {{Proceedings of the 45th ACM Symposium on Computer Science Education (SIGCSE'14)}},
  year = 2014,
  editor = {Dougherty, J.D. and Nagel, Kris},
  pages = {653--658},
  address = {Atlanta, GA, USA},
  organization = {},
  publisher = {ACM},
  volume = {},
  number = {},
  series = {},
  month = mar,
  note = {}
}

@INPROCEEDINGS{Pears07,
  author = {Pears, Arnold and Seidman, Stephen and Malmi, Lauri and Mannila, Linda and Adams, Elizabeth and Bennedsen, Jens and Devlin, Marie and Paterson, James},
  title = {{A Survey of Literature on the Teaching of Introductory Programming}},
  booktitle = {{Proceedings of the 12th Annual Conference on Innovation and Technology in Computer Science Education (ITiCSE'07)}},
  year = 2007,
  editor = {Carter, Janet and Amillo, June},
  pages = {204--223},
  address = {Dundee, Scotland},
  organization = {},
  publisher = {ACM},
  volume = {},
  number = {},
  series = {},
  month = jun,
  note = {}
}

@ARTICLE{Brusilovsky97,
  author = {Brusilovsky, Peter and Calabrese, Eduardo and Hvorecky, Jozef and Kouchnirenko, Anatoly and Miller, Philip},
  title = {{Mini-Languages: A Way to Learn Programming Principles}},
  journal = {{Journal of Education and Information Technologies}},
  publisher = {Springer},
  year = 1997,
  volume = 2,
  number = 1,
  pages = {65--83},
  month = {},
  note = {}
}

@BOOK{Papert80,
  author = {Papert, Seymour},
  editor = {},
  title = {{Mindstorms: Children, Computers and Powerful Ideas}},
  publisher = {Basic Books, Inc.},
  year = 1980,
  address = {},
  edition = {},
  volume = {},
  number = {},
  series = {},
  month = {},
  note = {}
}

@ARTICLE{Milne02,
  author = {Milne, Iain and Rowe, Glenn},
  title = {{Difficulties in Learning and Teaching Programming---Views of Students and Tutors}},
  journal = {{Journal of Education and Information Technology}},
  publisher ={Kluwer},
  year = 2002,
  volume = 7,
  number = 1,
  pages = {55--66},
  month = mar,
  note = {}
}

@ARTICLE{Bruce04,
  author = {Bruce, Christine and Buckingham, Lawrence and hynd, John and McMahon, Camille and Roggenkamp, Mike and Stoodley, Ian},
  title = {{Ways of Experiencing the Act of Learning to Program: A Phenomenographic Study of Introductory Programming Students at University}},
  journal = {{Journal of Information Technology Education}},
  year = 2004,
  volume = 3,
  number = 1,
  pages = {143--160},
  month = {},
  note = {}
}

@ARTICLE{Prechelt02,
  author = {Prechelt, Lutz and Malpohl, Guido and Philippsen, Michael},
  title = {{Finding Plagiarisms among a Set of Programs with JPlag}},
  journal = {{Journal of Universal Computer Science}},
  publisher = {},
  year = 2002,
  volume = 8,
  number = 11,
  pages = {1016--1038},
  month = nov,
  note = {}
}

@INPROCEEDINGS{Homer14,
  author = {Homer, Michael and Jones, Timothy and Noble, James and Bruce, Kim B. and Black, Andrew P.},
  title = {{Graceful Dialects}},
  booktitle = {{Proceedings of 28th the European Conference on Object-Oriented Programming (ECOOP'14)}},
  year = 2014,
  editor = {Jones, Richard},
  pages = {131--156},
  address = {Uppsala, Sweden},
  organization = {},
  publisher = {Springer},
  volume = {},
  number = {},
  series = {Lecture Notes in Computer Science 8586},
  month = jul,
  note = {}
}

@ARTICLE{Weintrop19,
  author = {Weintrop, David},
  title = {{Block-Based Programming in Computer Science Education}},
  journal = cacm,
  publisher = {ACM},
  year = 2019,
  volume = 62,
  number = 8,
  pages = {22-25},
  month = aug,
  note = {}
}

@INPROCEEDINGS{Becker19,
  author = {Becker, Brett A. and Denny, Paul and Pettit, Raymond and Bouchard, Durell and Bouvier, Dennis J. and Harrington, Brian and Kamil, Amir and Karkare, Amey and McDonald, Chris and Osera, Peter-Michael and Pearce, Janice L. and Prather, James},
  title = {{Compiler Error Messages Considered Unhelpful: The Landscape of Text-Based Programming Error Message Research}},
  booktitle = {{Proceedings of the Working Group Reports on Innovation and Technology in Computer Science Education (ITiCSE-WGR'19)}},
  year = 2019,
  editor = {R\"o{\ss}ling, Guido and Giannakos, Michail},
  pages = {177--210},
  address = {Aberdeen, Scotland, UK},
  organization = {},
  publisher = {ACM},
  volume = {},
  number = {},
  series = {},
  month = jul,
  note = {}
}

@INPROCEEDINGS{Abtahi20,
  author = {Abtahi, Parastoo and Dietz, Griffin},
  title = {{Learning Rust: How Experienced Programmers Leverage Resources to Learn a New Programming Language}},
  booktitle = {{Proceedings of the Conference on Human Factors in Computing Systems (CHI'20)}},
  year = 2020,
  editor = {McGrenere, Joanna and Cockburn, Andy and Avellino, Ignaci and Goguey, Alix and Bj{\o}rn, Pernille and Zhao, Shengdong and Samson, Briane Paul and Kocielnik, Rafal},
  pages = {1--8},
  address = {Honolulu, HI, USA},
  organization = {},
  publisher = {ACM},
  volume = {},
  number = {},
  series = {},
  month = apr,
  note = {}
}

@INPROCEEDINGS{Hermans20,
  author = {Hermans, Felienne},
  title = {{Hedy: A Gradual Language for Programming Education}},
  booktitle = {{Proceedings of ACM International Computing Education Research Conference}},
  year = 2020,
  editor = {Robins, Anthony and Ko, Amy},
  pages = {},
  address = {Dunedin, New Zealand},
  organization = {},
  publisher = {ACM},
  volume = {},
  number = {},
  series = {},
  month = aug,
  note = {}
}

@INPROCEEDINGS{Krishnamurti21,
  author = {Krishnamurthi, Shriram and Fisler, Kathi},
  title = {{Developing Behavioral Concepts of Higher-Order Functions}},
  booktitle = {{Proceedings of the 17th ACM Conference on International Computing Education Research (ICER'21)}},
  year = 2021,
  editor = {Ko, Amy and Vahrenhold, Jan},
  pages = {306--318},
  address = {Charleston, SC, USA},
  organization = {},
  publisher = {ACM},
  volume = {},
  number = {},
  series = {},
  month = aug,
  note = {}
}

@INPROCEEDINGS{Shrestha20,
  author = {Shrestha, Nischal and Botta, Colton and Barik, Titus and Parnin, Chris},
  title = {{Here We Go agoin: Why Is It Difficult for Developers to Learn Another Programming Language?}},
  booktitle = {{Proceedings of the 42nd International Conference on Software Engineering (ICSE'20)}},
  year = 2020,
  editor = {Cleland-Huang, Jane and Marinov, Darko},
  pages = {691--701},
  address = {Seoul, South Korea},
  organization = {},
  publisher = {IEEE},
  volume = {},
  number = {},
  series = {},
  month = jun,
  note = {}
}
