@ARTICLE{Feigenspan12,
  author = {Feigenspan, Janet and K\"astner, Christian and Liebig, J\"org and Apel, Sven and Hanenberg, Stefan},
  title = {{Measuring Programming Experience}},
  booktitle = {{Proceedings of the 20th International Conference on Program Comprehension (ICPC'12)}},
  year = 2012,
  editor = {Beyer, Dirk and van Deursen, Arie and Godfrey, Michael W.},
  pages = {73--82},
  address = {Passau, Germany},
  organization = {},
  publisher = {IEEE},
  volume = {},
  number = {},
  series = {},
  month = jun,
  note = {}
}

@BOOK{Glaser67,
  author = {Glaser, Barney G. and Strauss, Anselm L.},
  editor = {},
  title = {{The Discovery of Grounded Theory: Strategies for Qualitative Research}},
  publisher = {Aldine},
  year = 1967,
  address = {},
  edition = {},
  volume = {},
  number = {},
  series = {},
  month = {},
  note = {}
}

@ARTICLE{Boeije02,
  author = {Boeije, Hennie},
  title = {{A Purposeful Approach to the Constant Comparative Method in the Analysis of Qualitative Interviews}},
  journal = {{Quality \& Quatity}},
  publisher = {Kluwer Academic Publishers},
  year = 2002,
  volume = 36,
  number = 4,
  pages = {391--409},
  month = nov,
  note = {}
}

@INPROCEEDINGS{Hutchinson11,
  author = {Hutchinson, John and Whittle, Jon and Rouncefield, Mark and Kristoffersen, Steinar},
  title = {{Empirical Assessment of MDE in Industry}},
  booktitle = {{Proceedings of the 33rd International Conference on Software Engineering (ICSE'11)}},
  year = 2011,
  editor = {Gall, Harald and Medvidovi\'c, Nenad},
  pages = {471--480},
  address = {Waikiki, Honolulu, Hawaii},
  organization = {},
  publisher = {IEEE},
  volume = {},
  number = {},
  series = {},
  month = may,
  note = {}
}

@INPROCEEDINGS{Savage10,
  author = {Savage, Trevor and Revelle, Meghan and Poshyvanyk, Denys},
  title = {{FLAT\textsuperscript{3}: Feature Location and Textual Tracing Tool}},
  booktitle = {{Proceedings of the 32nd ACM/IEEE International Conference on Software Engineering (ICSE'10)}},
  year = 2010,
  editor = {Kramer, Jeff and Bishop, Judith and Devanbu, Prem and Uchitel, Sebastian},
  pages = {255--258},
  address = {Cape Town, South Africa},
  organization = {},
  publisher = {},
  volume = {},
  number = {},
  series = {},
  month = may,
  note = {}
}

@INPROCEEDINGS{Buckner05,
  author = {Buckner, Johnathan and Buchta, Joseph and Petrenko, Maksym and Rajlich, V\'aclav},
  title = {{JRipples: A Tool for Program Comprehension during Incremental Change}},
  booktitle = {{Proceedings of the 13th International Workshop on Program Comprehension (IWPC'05)}},
  year = 2005,
  editor = {MAletic, Jonathan I. and Cordy, James R. and Gall, Harald},
  pages = {149--152},
  address = {St. Louis, MO, USA},
  organization = {},
  publisher = {IEEE},
  volume = {},
  number = {},
  series = {},
  month = may,
  note = {}
}

@INCOLLECTION{Wohlin03,
  author = {Wohlin, Claes and H\"ost, Martin and Henningsson, Kennet},
  title = {{Empirical Research Methods in Software Engineering}},
  booktitle = {{Empirical Methods and Studies in Software Enginering: Experiences from ESERNET}},
  publisher = {Springer},
  year = 2003,
  chapter = {},
  pages = {7--23},
  address = {},
  editor = {Conradi, Reidar and Wang, Alf Inge},
  volume = {},
  number = {},
  series = {LNCS 2765},
  type = {},
  edition = {},
  month = {},
  note = {}
}

@ARTICLE{Conejero12,
  author = {Conejero Manzano, Jos\`e Mar{\'\i}a and Figueiredo, Eduardo and Garcia, Alessandro and Hern\'andez, Juan and Jurado, Elena},
  title = {{On the Relationship of Concern Metrics and Requirements Maintainability}},
  journal = {{Journal of Information and Software Technology}},
  year = 2012,
  volume = 54,
  number = 2,
  pages = {212--238},
  month = feb,
  publisher = {Butterworth-Heinemann},
  note = {}
}

@INPROCEEDINGS{Taveira09,
  author = {Taveira, J\'ulio Cesar and Saraiva, Juliana and Castor, Fernando and Soares, S\'ergio},
  title = {{A Concern-Specific Metrics Collection Tool}},
  booktitle = {{Proceedings of the OOPSLA Workshop on Assessment of Contemporary Modularization Techniques (ACoM'09)}},
  year = 2009,
  editor = {},
  pages = {},
  address = {Orlando, FL, USA},
  organization = {},
  publisher = {},
  volume = {},
  number = {},
  series = {},
  month = oct,
  note = {}
}

@ARTICLE{Marchetto05,
  author = {Marchetto, Alessandro},
  title = {{A Concerns-based Metrics Suite for Web Applications}},
  journal = {{INFOCOMP Journal of Computer Science}},
  year = 2005,
  volume = 4,
  number = 3,
  pages = {11--22},
  month = {},
  note = {}
}

@ARTICLE{Marchetto07,
  author = {Marchetto, Alessandro and Trentini, Andrea},
  title = {{A Framework to Build Quality Model for Web Applications}},
  journal = {{International Arab Journal of Information Technology}},
  year = 2007,
  volume = 4,
  number = 2,
  pages = {168--176},
  month = {},
  note = {}
}

@INPROCEEDINGS{Garcia05,
  author = {Garcia, Alessandro and Sant'Anna, Cl\'audio and Figueiredo, Eduardo and Kulesza, Uir\'a and Lucena, Carlos and von Staa, Arndt},
  title = {{Modularizing Design Patterns with Aspects: A Quantitative Study}},
  booktitle = {{Proceedings of the 4th International Conference on Aspect-Oriented Software Development (AOSD'05)}},
  year = 2005,
  editor = {},
  pages = {3--14},
  address = {Chicago, Illinois, USA},
  organization = {},
  publisher = {ACM Press},
  volume = {},
  number = {},
  series = {},
  month = mar,
  note = {}
}

@BOOK{Kan03,
  author = {Kan, Stephen H.},
  editor = {},
  title = {{Metrics and Models in Software Quality Engineering}},
  publisher = {Addison-Wesley},
  year = 2003,
  address = {Reading, Ma, USA},
  edition = {},
  volume = {},
  number = {},
  series = {},
  month = {},
  note = {}
}

@ARTICLE{Eaddy08,
  author = {Eaddy, Marc and Zimmermann, Thomas and Sherwood, Kaitlin and Garg, Vibhav and Murphy, Gail and Nagappan, Nachiappan and Aho, Alfred},
  title = {{Do Crosscutting Concerns Cause Defects?}},
  journal = ieeese,
  publisher = {IEEE Press},
  year = 2008,
  volume = 34,
  number = 4,
  pages = {497--515},
  month = aug,
  note = {}
}

@ARTICLE{Mouchawrab05,
  author = {Mouchawrab, Samar and Briand, Lionel C. and Labiche, Yvan},
  title = {{A Measurement Framework for Object-Oriented Software Testability}},
  journal = {{Journal of Information and Software Technology}},
  year = 2005,
  volume = 47,
  number = 15,
  pages = {979--997},
  month = dec,
  note = {}
}

@INPROCEEDINGS{Yacoub99,
  author = {Yacoub, Sherif M. and Ammar, Hany H. and Robinson, Tom},
  title = {{Dynamic Metrics for Object Oriented Designs}},
  booktitle = {{Proceedings of the 6th International Software Metrics Symposium (METRICS'99)}},
  year = 1999,
  editor = {},
  pages = {50--61},
  address = {Boca-Raton, FL, USA},
  organization = {},
  publisher = {},
  volume = {},
  number = {},
  series = {},
  month = nov,
  note = {}
}

@INPROCEEDINGS{Choi07,
  author = {Choi, Kelvin H. T. and Tempero, Ewan},
  title = {{Dynamic Measurement of Polymorphism}},
  booktitle = {{Proceedings of the 30th Australasian Conference on Computer Science (ACSC'07)}},
  year = 2007,
  editor = {Dobbie, Gillian},
  pages = {211--220},
  address = {Ballarat, Victoria, Australia},
  organization = {},
  publisher = {ACM},
  volume = {},
  number = {},
  series = {},
  month = jan,
  note = {}
}

@INPROCEEDINGS{Cho98,
  author = {Cho, Eun Sook and Kim, Chul Jin and Kim, Soo Dong and Rhew, Sung Yul},
  title = {{Static and Dynamic Metrics for Effective Object Clustering}},
  booktitle = {{Proceedings of the 5th Asia-Pacific Software Engineering Conference (APSEC'98)}},
  year = 1998,
  editor = {},
  pages = {78--85},
  address = {Taipei, Taiwan},
  organization = {},
  publisher = {},
  volume = {},
  number = {},
  series = {},
  month = dec,
  note = {}
}

@ARTICLE{Kitchenham95,
  author = {Kitchenham, Barbara and Pfleeger, Shari Lawrence and Fenton, Norman E.},
  title = {{Towards a Framework for Software Measurement Validation}},
  journal = ieeese,
  year = 1995,
  volume = 21,
  number = 12,
  pages = {929--943},
  month = {},
  note = {}
}

@INPROCEEDINGS{Acharya07,
  author = {Mithun Acharya and Tao Xie and Jian Pei and Jun Xu},
  title = {{Mining API Patterns as Partial Orders from Source Code: From Usage Scenarios to Specifications}},
  booktitle = {{Proceedings of the 6th ESEC/FSE Conference}},
  year = 2007,
  editor = {},
  pages = {25--34},
  address = {Dubrovnik, Croatia},
  organization = {},
  publisher = {ACM},
  volume = {},
  number = {},
  series = {},
  month = sep,
  note = {}
}

@INPROCEEDINGS{Wasylkowski07,
  author = {Andrzej Wasylkowski and Andreas Zeller and Christian Lindig},
  title = {{Detecting Object Usage Anomalies}},
  booktitle = {{Proceedings of the 6th ESEC/FSE Conference}},
  year = 2007,
  editor = {},
  pages = {35--44},
  address = {Dubrovnik, Croatia},
  organization = {},
  publisher = {ACM},
  volume = {},
  number = {},
  series = {},
  month = sep,
  note = {}
}

@INPROCEEDINGS{Gupta01,
  author = {Gupta, Neelam and Rao, Praveen},
  title = {{Program Execution Based Module Cohesion Measurement}},
  booktitle = {{Proceedings of 16th Annual International Conference on Automated Software Engineering (ASE'01)}},
  year = 2001,
  editor = {},
  pages = {144--153},
  address = {San Diego, CA, USA},
  organization = {},
  publisher = {IEEE Computer Society},
  volume = {},
  number = {},
  series = {},
  month = nov,
  note = {}
}

@INPROCEEDINGS{Figueiredo08b,
  author = {Figueiredo, Eduardo and Cacho, Nelio and Sant'Anna, Cl\'audio and Monteiro, Mario and Kulesza, Uira and Garcia, Alessandro and Soares, Sergio and Ferrari, Fabiano and Khan, Safoora and Filho, Fernando and Dantas, Francisco},
  title = {{Evolving Software Product Lines with Aspects: An Empirical Study on Design Stability}},
  booktitle = {{Proceedings of 30th International Conference on Software Engineering (ICSE'08)}},
  year = 2008,
  editor = {},
  pages = {},
  address = {Leipzig, Germany},
  organization = {},
  publisher = {ACM},
  volume = {},
  number = {},
  series = {},
  month = may,
  note = {}
}

@INPROCEEDINGS{Filho06,
  author = {Filho, Fernando Castor and Cacho, N\'elio and Figueiredo, Eduardo and Maranh\~ao, Raquel and Garcia, Alessandro and Rubira, Cec{\'\i}lia M. F.},
  title = {{Exceptions and Aspects: the Devil Is in the Details}},
  booktitle = {{Proceedings of the 14th ACM SIGSOFT International Symposium on Foundations of Software Engineering (FSE'06)}},
  year = 2006,
  editor = {Young, Michal and Devanbu, Premkumar T.},
  pages = {152--162},
  address = {Portland, OR, USA},
  organization = {},
  publisher = {ACM},
  volume = {},
  number = {},
  series = {},
  month = nov,
  note = {}
}

@ARTICLE{Yau80,
  author = {Yau, Sik-Sang and Collofello, James S.},
  title = {{Some Stability Measures for Software Maintenance}},
  journal = ieeese,
  year = 1980,
  volume = 6,
  number = 6,
  pages = {545--552},
  month = nov,
  note = {}
}

@INPROCEEDINGS{Goldschmidt07,
  author = {Goldschmidt, Thomas and Winzen, Jochen and Reussner, Ralf},
  title = {{Evaluation of Maintainability of Model-driven Persistency Techniques}},
  booktitle = {{Proceedings of the CSMR'07 Workshop on Model-Driven Software Evolution }},
  year = 2007,
  editor = {},
  pages = {},
  address = {Amsterdam, the Netherlands},
  organization = {},
  publisher = {},
  volume = {},
  number = {},
  series = {},
  month = mar,
  note = {}
}

@INPROCEEDINGS{Greenwood07b,
  author = {Greenwood, Phil and Bartolomei, Thiago and Figueiredo, Eduardo and Garcia, Alessandro and Cacho, N\'elio and Sant'Anna, Cl\'audio and Borba, Paulo and Kulesza, Uir\'a and Rashid, Awais},
  title = {{On the Impact of Aspectual Decompositions on Design Stability: An Empirical Study}},
  editor = {},
  booktitle = {{Proceedings of the 21st European Conference on Object-Oriented Programming (ECOOP'07)}},
  number = {},
  series = {LNCS 4609},
  year = 2007,
  address = {Berlin, Germany},
  organization = {},
  publisher = {Springer-Verlag},
  pages = {176--200},
  month = jul,
  note = {}
}

@INPROCEEDINGS{Dao02,
  author = {Dao, M. and Huchard, M. and Libourel, T. and Roume, C. and Leblanc, H.},
  title = {{A New Approach to Factorization -- Introducing Metrics}},
  booktitle = {{Proceedings of the 8th IEEE Symposium on Software Metrics}},
  year = 2002,
  editor = {},
  pages = {227--236},
  address = {Ottawa, Canada},
  organization = {},
  publisher = {IEEE Computer Society Press},
  volume = {},
  number = {},
  series = {},
  month = jun,
  note = {}
}

@INPROCEEDINGS{Demeyer00,
  author = {Demeyer, Serge and Ducasse, St\'ephane and Nierstrasz, Oscar},
  title = {{Finding Refactorings Via Change Metrics}},
  booktitle = {{Proceedings of the 15th ACM Conference on Object-Oriented Programming, Systems, Languages and Applications (\oopsla 2000)}},
  year = 2000,
  editor = {},
  pages = {166--177},
  address = {Minneapolis, Minnesota, USA},
  organization = {},
  publisher = {ACM Press},
  volume = {},
  number = {},
  series = {},
  month = oct,
  note = {}
}

@INPROCEEDINGS{Simon01,
  author = {Simon, Frank and Steinbr{\"u}ckner, Frank and Lewrentz, Claus},
  title = {{Metrics Based Refactoring}},
  booktitle = {{Procedings of the 5th European Conference on Software Maintenance and Reengineering (CSMR'01)}},
  year = 2001,
  editor = {Sousa, Pedro},
  pages = {30--38},
  address = {Lisbon, Portugal},
  organization = {},
  publisher = {IEEE Computer Society},
  volume = {},
  number = {},
  series = {},
  month = {},
  note = {}
}

@ARTICLE{Paulk93,
  author = {Paulk, Mark C. and Curtis, Bill and Chrissis, Mary Beth and Weber, Charles V.},
  title = {{Capability Maturity Model, Version 1.1}},
  journal = {{IEEE Software}},
  year = 1993,
  volume = {},
  number = {},
  pages = {18--27},
  month = jul,
  note = {}
}

@INPROCEEDINGS{Demeyer99,
  author = {Demeyer, Serge and Ducasse, St\'ephane and Lanza, Michele},
  title = {{A Hybrid Reverse Engineering Platform Combining Metrics and Program Visualization}},
  booktitle = {{Proceedings of the 6th Working Conference on Reverse Engineering (WCRE'99)}},
  year = 1999,
  editor = {Balmas, Fran\c{c}ois and Blaha, Mike and Rugaber, Spencer},
  pages = {175--187},
  address = {Atlanta, Georgia, USA},
  organization = {},
  publisher = {IEEE Computer Society Press},
  volume = {},
  number = {},
  series = {},
  month = oct,
  note = {}
}

@TECHREPORT{McAndrews93,
  author = {McAndrews, Donald R.},
  title = {{Establishing a Software Measurement Process}},
  institution = {{Carnagie Mellon Software Engineering Institute}},
  year = 1993,
  type = {Technical Report},
  number = {SEI-93-TR-16},
  address = {Pittsburgh, PA, USA},
  month = {},
  note = {}
}

@PHDTHESIS{Ryder04,
  author = {Chris Ryder},
  title = {{Software Measurement for Functional Programming}},
  month = aug,
  year = 2004,
  pages = 395,
  school = {Computing Lab, University of Kent},
  address = {Canterbury, UK},
  note = {}
}

@INPROCEEDINGS{Kassab05,
  author = {Kassab, Mohamad and Ormandjieva, Olga and Constantinides, Constantinos},
  title = {{Providing Quality Measurement for Aspect-Oriented Software Development}},
  booktitle = {{Proceedings of the 12th Asia-Pacific Software Engineering Conference (APSEC'05)}},
  year = 2005,
  editor = {},
  pages = {769--775},
  address = {Taipei, Taiwan},
  organization = {},
  publisher = {},
  volume = {},
  number = {},
  series = {},
  month = dec,
  note = {}
}

@ARTICLE{Massicotte07,
  author = {Massicotte, Philippe and Badri, Linda and Badri, Mourad},
  title = {{Towards a Tool Supporting Integration Testing of Aspect-Oriented Programs}},
  journal = {{Journal of Object Technology}},
  year = 2007,
  volume = 6,
  number = 1,
  pages = {67--89},
  month = jan#"-"#feb,
  note = {}
}

@INPROCEEDINGS{Lopez-Herrejon06,
  author = {Lopez-Herrejon, Roberto E.},
  title = {{Towards Crosscutting Metrics for Aspect-Based Features}},
  booktitle = {{Proceedings of the 1st Workshop on Aspect-Oriented Product Line Engineering (AOPLE'06)}},
  year = 2006,
  editor = {Loughran, Neil and Groher, Iris and Lopez-Herrejon, Roberto E.},
  pages = {},
  address = {Portland, Oregon, USA},
  organization = {},
  publisher = {},
  volume = {},
  number = {},
  series = {},
  month = oct,
  note = {}
}

@INPROCEEDINGS{Canfora06,
  author = {Canfora, Gerardo and Cerulo, Luigi and Di Penta, Massimiliano},
  title = {{On the Use of Line Co-change for Identifying Crosscutting Concern Code}},
  booktitle = {{Proceedings of the 22nd International Conference on Software Maintenance (ICSM'06)}},
  year = 2006,
  editor = {},
  pages = {213--222},
  address = {Philadelphia, Pennsylvania, USA},
  organization = {},
  publisher = {IEEE Computer Society Press},
  volume = {},
  number = {},
  series = {},
  month = sep,
  note = {}
}

@INPROCEEDINGS{Gschwind03,
  author = {Gschwind, Thomas and Oberleitner, Johann},
  title = {{Improving Dynamic Data Analysis with Aspect-Oriented Programming}},
  booktitle = {{Proceedings of the 7th European Conference On Software Maintenance And Reengineering (CSMR'03)}},
  year = 2003,
  editor = {},
  pages = {},
  address = {Benevento, Italy},
  organization = {},
  publisher = {IEEE},
  volume = {},
  number = {},
  series = {},
  month = mar,
  note = {}
}

@MASTERSTHESIS{Stochmialek05,
  author = {Stochmia{\l}ek, Micha{\l}},
  title = {{AOPMetrics}},
  school = {Wroc{\l}aw University of Technology, Poland},
  year = 2005,
  address = {},
  type = {},
  month = {},
  note = {}
}

@ARTICLE{Silliti06,
  author = {Silliti, Alberto and Succi, Giancarlo and De Panfilis, Stefano},
  title = {{Managing Non-Invasive Measurement Tools}},
  journal = {Journal of System Architectures},
  year = 2006,
  volume = {},
  number = {},
  pages = {},
  month = {},
  note = {}
}

@ARTICLE{Dhyani02,
  author = {Dhyani, Devenshu and Ng, Wee Keong and Bhowmick, Sourav S.},
  title = {{A Survey of Web Metrics}},
  journal = acmcs,
  year = 2002,
  volume = 34,
  number = 4,
  pages = {469--503},
  month = dec,
  note = {}
}

@INPROCEEDINGS{Hitz95,
  author = {Hitz, Martin and Montazeri, Behzad},
  title = {{Measuring Coupling and Cohesion in Object-Oriented Systems}},
  editor = {},
  booktitle = {Proceedings of International Symposium on Applied Corporate Computing},
  number = {},
  series = {},
  year = 1995,
  address = {Monterrey, Mexico},
  organization = {},
  publisher = {},
  pages = {},
  month = oct,
  note = {}
}

@ARTICLE{Basili96,
  author = {Basili, Victor R. and Briand, Lionel C. and Melo, Walc{\'e}lio L.},
  title = {{A Validation of Object-Oriented Design Metrics as Quality Indicators}},
  journal = ieeese,
  publisher = {IEEE Press},
  year = 1996,
  volume = 22,
  number = 10,
  pages = {751--761},
  month = oct,
  note = {}
}

@ARTICLE{Briand96,
  author = {Briand, Lionel C. and Morasca, Sandro and Basili, Victor R.},
  title = {{Property-Based Software Engineering Measurement}},
  journal = ieeese,
  year = 1996,
  volume = 22,
  number = 1,
  publisher = {IEEE Press},
  pages = {68--86},
  month = jan,
  note = {}
}

@INPROCEEDINGS{Brian97,
  author = {Briand, Lionel C. and Devanbu, Premkumar T. and Melo, Walc{\'e}lio L.},
  title = {{An Investigation into Coupling Measures for C++}},
  editor = {},
  booktitle = {Proceedings of the 19th International Conference on Software Engineering (ICSE'97)},
  number = {},
  series = {},
  year = 1997,
  address = {Boston, USA},
  organization = {},
  publisher = {},
  pages = {412--421},
  month = may,
  note = {}
}

@INPROCEEDINGS{Briand98,
  author = {Briand, Lionel C. and Daly, John and Porter, Victor and W\"ust, J\"urgen},
  title = {{A Comprehensive Empirical Validation of Design Measures for Object-Oriented Systems}},
  booktitle = {{Proceedings of the 5th International Symposium on Software Metrics (METRICS'98)}},
  year = 1998,
  editor = {},
  pages = {246--257},
  address = {Bethesda, MD, USA},
  organization = {},
  publisher = {{IEEE}},
  volume = {},
  number = {},
  series = {},
  month = mar,
  note = {}
}

@ARTICLE{Briand99,
  author = {Briand, Lionel C. and Daly, John W. and W{\"u}st, J{\"u}rgen},
  title = {{A Unified Framework for Coupling Measurement in Object-Oriented Systems}},
  journal = ieeese,
  year = 1999,
  volume = 25,
  number = 1,
  pages = {91--121},
  month = jan#"-"#feb,
  note = {}
}

@ARTICLE{Briand01,
  author = {Briand, Lionel C. and W\"{u}st, J\"{u}rgen},
  title = {{Modeling Development Effort in Object-Oriented Systems Using Design Properties}},
  journal = ieeese,
  publisher = {IEEE Press},
  year = 2001,
  volume = 27,
  number = 11,
  pages = {963--986},
  month = nov,
  note = {}
}

@ARTICLE{Arisholm04b,
  author = {Arisholm, Erik and Sj{\o}berg, Dag I. K.},
  title = {{Evaluating the Effect of a Delegated Versus Centralized Control Style on the Maintainability of Object-Oriented Software}},
  journal = ieeese,
  year = 2004,
  volume = 30,
  number = 8,
  pages = {521--534},
  month = aug,
  note = {}
}

@ARTICLE{Arisholm04,
  author = {Arisholm, Erik and Briand, Lionel C. and F{\o}yen, Audun},
  title = {{Dynamic Coupling Measurement for Object-Oriented Software}},
  journal = ieeese,
  year = 2004,
  volume = 30,
  number = 8,
  pages = {491--506},
  month = aug,
  note = {}
}

@ARTICLE{Purao03,
  author = {Purao, Sandeep and Vaishnavi, Vijay},
  title = {{Product Metrics for Object-Oriented Systems}},
  journal = acmcs,
  year = 2003,
  volume = 35,
  number = 2,
  pages = {191--221},
  month = jun,
  note = {}
}

@ARTICLE{McCabe76,
  author = {McCabe, Thomas J.},
  title = {{A Complexity Measure}},
  journal = ieeese,
  year = 1976,
  volume = 2,
  number = 4,
  pages = {308--320},
  month = dec,
  note = {}
}

@ARTICLE{Weyuker88,
  author = {Weyuker, Elaine},
  title = {{Evaluating Software Complexity Measures}},
  journal = ieeese,
  year = 1988,
  volume = 14,
  number = 9,
  pages = {1357--1365},
  month = sep,
  note = {}
}

@INPROCEEDINGS{Tegarden92,
  author = {Tegarden, David P. and Sheetz, Steven D. and Monarchi, David E.},
  title = {{Effectiveness of Traditional Software Metrics for Object-Oriented Systems}},
  editor = {},
  booktitle = {Proceedings of the 25th Hawai'i International Conference on System Sciences},
  number = {},
  series = {},
  year = 1992,
  address = {Big Island, Hawaii},
  organization = {},
  publisher = {IEEE Computer Society Press},
  pages = {1--92},
  month = jan,
  note = {}
}

@BOOK{Buglione03,
  author = {Buglione, Luigi},
  title = {{Misurare il Software}},
  volume = {},
  series = {},
  publisher = {Franco Angeli},
  address = {},
  edition = {second},
  month = {},
  year = 2003,
  note = {}
}

@BOOK{Fenton91,
  author = {Fenton, Norman E.},
  title = {{Software Metrics: a Rigorous Approach}},
  volume = {},
  series = {},
  publisher = {London: Chapman \& Hall},
  address = {},
  edition = {},
  month = {},
  year = 1991,
  note = {}
}

@ARTICLE{Myers77,
  author = {Myers, Glenford J.},
  title = {{An Extension to the Cyclomatic Measure of Program Complexity}},
  journal = {ACM Sigplan Notices},
  year = 1977,
  volume = 12,
  number = 10,
  pages = {61--64},
  month = oct,
  note = {}
}

@TECHREPORT{Eder94,
  author = {Eder, Johann and Kappel, Gerti and Schrefl, Michael},
  title = {{Coupling and Cohesion in Object-Oriented Systems}},
  institution = {University of Klagenfurt},
  type = {Technical Report},
  number = {},
  address = {},
  year = 1994,
  month = {},
  note = {}
}

@INPROCEEDINGS{Zhao04b,
  author = {Zhao, Jianjun and Xu, Baowen},
  title = {{Measuring Aspect Cohesion}},
  booktitle = {{Proceedings of the International Conference on Fundamental Approaches to Software Engineering (FASE'2004)}},
  year = 2004,
  editor = {},
  pages = {54--68},
  address = {Barcelona, Spain},
  organization = {},
  publisher = {Springer},
  volume = {},
  number = {},
  series = {LNCS 2984},
  month = mar,
  note = {}
}

@INPROCEEDINGS{Zhao04,
  author = {Zhao, Jianjun},
  title = {{Measuring Coupling in Aspect-Oriented Systems}},
  booktitle = {{Proceedings of the 10th International Software Metrics Symposium (METRICS'04)}},
  year = 2004,
  editor = {},
  pages = {},
  address = {Chicago, IL, USA},
  organization = {},
  publisher = {},
  volume = {},
  number = {},
  series = {},
  month = sep,
  note = {}
}

@TECHREPORT{Zhao02b,
  author = {Zhao, Jianjun},
  title = {{Towards a Metrics Suite for Aspect-Oriented Software}},
  institution = {Information Processing Society of Japan (IPSJ)},
  type = {Technical Report},
  number = {SE-136--25},
  address = {},
  year = 2002,
  month = mar,
  note = {}
}

@TECHREPORT{ElEmam01,
  author = {El Emam, Khaled},
  title = {{Object-Oriented Metrics: a Review of Theory and Practice}},
  institution = {Institute for Information Technology, National Research Council Canada},
  type = {Technical Report},
  number = {NRC 44190},
  address = {},
  year = 2001,
  month = mar,
  note = {}
}

@TECHREPORT{Archer95,
  author = {Archer, Clark and Stinson, Michael},
  title = {{Object-Oriented Software Measures}},
  institution = {Software Engineering Institute at Carnegie Mellon University},
  type = {Technical Report},
  number = {CMU/SEI-95-TR-002},
  address = {Pittsburgh, Pennsylvania},
  year = 1995,
  month = apr,
  note = {}
}

@INPROCEEDINGS{Coppick92,
  author = {Coppick, Chris and Cheatham, Thomas J.},
  title = {{Software Metrics for Object-Oriented Systems}},
  editor = {},
  booktitle = {Proceedings of the 1992 ACM annual conference on Communications},
  number = {},
  series = {},
  year = 1992,
  address = {Kansas City, Missouri, USA},
  organization = {},
  publisher = {ACM Press},
  pages = {317--322},
  month = mar,
  note = {}
}

@ARTICLE{Tian95,
  author = {Jeff Tian and Zelkowitz, Marvin V.},
  title = {{Complexity Measure Evaluation and Selection}},
  journal = ieeese,
  year = 1995,
  volume = 21,
  number = 8,
  pages = {641--650},
  month = aug,
  note = {}
}

@INPROCEEDINGS{Ceccato04,
  author = {Ceccato, Mariano and Tonella, Paolo},
  title = {{Measuring the Effects of Software Aspectization}},
  booktitle = {{Electronic Proceedings of the 1st Workshop on Aspect Reverse Engineering (WARE 2004)}},
  year = 2004,
  editor = {},
  pages = {},
  address = {Delft, The Netherlands},
  organization = {},
  publisher = {},
  volume = {},
  number = {},
  series = {},
  month = nov,
  note = {}
}

@INPROCEEDINGS{Bartolomei06,
  author = {Bartolomei, Thiago T. and Garcia, Alessandro and Sant'Anna, Cl\'audio and Figueiredo, Eduardo},
  title = {{Towards a Unified Coupling Framework for Measuring Aspect-Oriented Programs}},
  booktitle = {{Proceedings of the 3rd International Workshop on Software Quality Assurance (SOQUA'06)}},
  year = 2006,
  editor = {Gupta, Neelam and Ledru, Yves and Johannes Mayer},
  pages = {46--53},
  address = {Portland, Oregon, USA},
  organization = {},
  publisher = {ACM Press},
  volume = {},
  number = {},
  series = {},
  month = nov,
  note = {}
}

@INPROCEEDINGS{Figueiredo05,
  author = {Figueiredo, Eduardo and Garcia, Alessandro and Sant'Anna, Cl\'audio and Kulesza, Uir\'a and Lucena, Carlos},
  title = {{Assessing Aspect-Oriented Artifacts: Towards a Tool-Supported Quantitative Method}},
  booktitle = {{Proceedings of the 9th ECOOP Workshop on Quantitative Approaches in Object-Oriented Software Engineering (QAOOSE'05)}},
  year = 2005,
  editor = {Brito e Abreu, Fernando and Calero, Coral and Lanza, Michele and Poels, Geert and Sahraoui, Houari A.},
  pages = {},
  address = {Glasgow, Scotland},
  organization = {},
  publisher = {},
  volume = {},
  number = {},
  series = {},
  month = jul,
  note = {}
}

@INPROCEEDINGS{Guyomarc'h05,
  author = {Guyomarc'h, Jean-Yves and Gu\'eh\'eneuc, Yann-Ga\"el},
  title = {{On the Impact of Aspect-Oriented Programming on Object-Oriented Metrics}},
  booktitle = {{Proceedings of the 9th ECOOP Workshop on Quantitative Approaches in Object-Oriented Software Engineering (QAOOSE'05)}},
  year = 2005,
  editor = {Brito e Abreu, Fernando and Calero, Coral and Lanza, Michele and Poels, Geert and Sahraoui, Houari A.},
  pages = {42--47},
  address = {Glasgow, Scotland},
  organization = {},
  publisher = {},
  volume = {},
  number = {},
  series = {},
  month = jul,
  note = {}
}

@INPROCEEDINGS{Martin94,
  author = {Martin, Robert},
  title = {{OO Design Quality Metrics-An Analysis of Dependencies}},
  booktitle = {{Proceedings of the OOPSLA Workshop on Pragmatic and Theoretical Directions in Object-Oriented Software Metrics}},
  year = 1994,
  editor = {},
  pages = {},
  address = {Portland, Oregon, USA},
  organization = {},
  publisher = {},
  volume = {},
  number = {},
  series = {},
  month = oct,
  note = {}
}

@INPROCEEDINGS{Ng04,
  author = {Ng, Darren and Kaeli, David R. and Kojarski, Sergei and Lorenz, David H.},
  title = {{Program Comprehension Using Aspects}},
  booktitle = {{In Proceedings of the ICSE Workshop on Directions in Software Engineering Environments (WoDiSEE'2004)}},
  year = 2004,
  editor = {},
  pages = {},
  address = {Edinburgh, Scotland},
  organization = {},
  publisher = {},
  volume = {},
  number = {},
  series = {},
  month = may,
  note = {}
}

@INPROCEEDINGS{Mitchell03,
  author = {Mitchell, Aine and Power, James F.},
  title = {{Toward a Definition of Run-Time Object-Oriented Metrics}},
  booktitle = {{Proceedings of the 7th ECOOP Workshop on Quantitative Approaches in Object-Oriented Software Engineering (QAOOSE'03)}},
  year = 2003,
  editor = {},
  pages = {},
  address = {Darmstadt, Germany},
  organization = {},
  publisher = {},
  volume = {},
  number = {},
  series = {},
  month = jul,
  note = {}
}

@INPROCEEDINGS{Mitchell05,
  author = {Mitchell, Aine and Power, James F.},
  title = {{Using Object-Level Run-time Metrics to Study Coupling Between Objects}},
  booktitle = {{Proceedings of the 2005 ACM Symposium on Applied Computing (ACM SAC'05)}},
  year = 2005,
  editor = {},
  pages = {1456--1463},
  address = {Santa Fe, New Mexico, USA},
  organization = {ACM},
  publisher = {},
  volume = {},
  number = {},
  series = {},
  month = mar,
  note = {}
}

@ARTICLE{Chidamber94,
  author = {Chidamber, Shyam R. and Kemerer, Chris F.},
  title = {{A Metrics Suite for Object Oriented Design}},
  publisher = {{IEEE}},
  journal = ieeese,
  year = 1994,
  volume = 20,
  number = 6,
  pages = {476--493},
  month = jun,
  note = {}
}

@INPROCEEDINGS{Horgan01,
  author = {Horgan, Jane and Power, James F. and Waldron, John},
  title = {{Measurement and Analysis of Runtime Profiling Data for Java Programs}},
  booktitle = {{Proceedings of the 1st IEEE International Workshop on Source Code Analysis and Manipulation (SCAM'01)}},
  year = 2001,
  editor = {Munro, Malcolm and Harman, Mark},
  pages = {124--132},
  address = {Florence, Italy},
  organization = {},
  publisher = {IEEE Press},
  volume = {},
  number = {},
  series = {},
  month = nov,
  note = {}
}

@INPROCEEDINGS{Hauswirth04,
  author = {Hauswirth, Matthias and Sweeney, Peter F. and Diwan, Amer and Hind, Michael},
  title = {{Vertical Profiling: Understanding the Behavior of Object-Oriented Applications}},
  booktitle = {Proceedings of the 19th Annual ACM SIGPLAN Conference on Object-Oriented Programming, Systems, Languages, and Applications (OOPSLA'04)},
  year = 2004,
  editor = {Vlissides, John},
  pages = {251--269},
  address = {Vancouver, BC, Canada},
  organization = {},
  publisher = {ACM Press},
  volume = {},
  number = {},
  series = {},
  month = oct,
  note = {}
}

@INPROCEEDINGS{Haupt04,
  author = {Haupt, Michael and Mezini, Mira},
  title = {{Micro-Measurements for Dynamic Aspect-Oriented Systems}},
  booktitle = {{Proceedings of Net.ObjectDays (NODe 2004)}},
  year = 2004,
  editor = {},
  pages = {81--96},
  address = {Erf\"urt, Germany},
  organization = {},
  publisher = {},
  volume = {},
  number = {},
  series = {LNCS 3263},
  month = sep,
  note = {}
}

@INPROCEEDINGS{Dufour04,
  author = {Dufour, Bruno and Goard, Christopher and Hendren, Laurie and de Moor, Oege and Sittampalam, Ganesh and Verbrugge, Clark},
  title = {{Measuring the Dynamic Behaviour of AspectJ Programs}},
  booktitle = {Proceedings of the 19th Annual ACM SIGPLAN Conference on Object-Oriented Programming, Systems, Languages, and Applications (OOPSLA'04)},
  year = 2004,
  editor = {Vlissides, John},
  pages = {150--169},
  address = {Vancouver, BC, Canada},
  organization = {},
  publisher = {ACM Press},
  volume = {},
  number = {},
  series = {},
  month = oct,
  note = {}
}

@INPROCEEDINGS{Dufour03,
  author = {Dufour, Bruno and Driesen, Karel and Hendren, Laurie and Verbrugge, Clark},
  title = {{Dynamic Metrics for Java}},
  booktitle = {Proceedings of the 18th Annual ACM SIGPLAN Conference on Object-Oriented Programming, Systems, Languages, and Applications (OOPSLA'03)},
  year = 2003,
  editor = {},
  pages = {149--168},
  address = {Anaheim, California, USA},
  organization = {},
  publisher = {ACM Press},
  volume = {},
  number = {},
  series = {},
  month = oct,
  note = {}
}

@INPROCEEDINGS{Zaidman04,
  author = {Zaidman, Andy and Demeyer, Serge},
  title = {{Analyzing Large Event Traces with the Help of Coupling Metrics}},
  booktitle = {{Proceedings of the 5th International Workshop on OO Reengineering}},
  year = 2004,
  editor = {},
  pages = {},
  address = {Antwerpen, Belgium},
  organization = {},
  publisher = {},
  volume = {},
  number = {},
  series = {},
  month = jun,
  note = {}
}

@INPROCEEDINGS{Ducasse06,
  author = {Ducasse, St\'ephane and G{\^\i}rba, Tudor and Kuhn, Adrian},
  title = {{Distribution Map}},
  booktitle = {{Proceedings of the 22nd IEEE International Conference on Software Maintenance (ICSM'06)}},
  year = 2006,
  editor = {},
  pages = {203--212},
  address = {Philadelphia, Pennsylvania, USA},
  organization = {},
  publisher = {IEEE Press},
  volume = {},
  number = {},
  series = {},
  month = sep,
  note = {}
}

@INPROCEEDINGS{Figueiredo08,
  author = {Figueiredo, Eduardo and Sant'Anna, Cl\'audio and Garcia, Alessandro and Bartolomei, Thiago T. and Cazzola, Walter and Marchetto, Alessandro},
  title = {{On the Maintainability of Aspect-Oriented Software: A Concern-Oriented Measurement Framework}},
  booktitle = {{Proceedings of the 12th European Conference on Software Maintenance and Reengineering (CSMR 2008)}},
  year = 2008,
  editor = {Tjortjis, Christos and Winter, Andreas},
  pages = {},
  address = {Athens, Greece},
  organization = {},
  publisher = {IEEE Press},
  volume = {},
  number = {},
  series = {},
  month = apr,
  note = {}
}

@INPROCEEDINGS{Eaddy07,
  author = {Eaddy, Marc and Aho, Alfred V. and Murphy, Gail C.},
  title = {{Identifying, Assigning and Quantifying Crosscutting Concerns}},
  booktitle = {{Proceedings of 1st International Workshop on Assessment of Contemporary Modularization Techniques (ACoM'07)}},
  year = 2007,
  editor = {},
  pages = {},
  address = {Minneapolis, USA},
  organization = {},
  publisher = {},
  volume = {},
  number = {},
  series = {},
  month = may,
  note = {}
}

@ARTICLE{Arisholm01,
  author = {Arisholm, Erik and Sj{\o}berg, Dag I.K. and J{\o}rgensen, Magne},
  title = {{Assessing the Changeability of Two object-oriented Design Alternatives - A Controlled Experiment}},
  journal = {{Empirical Software Engineering}},
  year = 2001,
  volume = 6,
  number = 3,
  pages = {231--277},
  month = {},
  note = {}
}

@INPROCEEDINGS{Binder06,
  author = {Binder, Walter and Hulaas, Jarle},
  title = {{Flexible and Efficient Measurement of Dynamic Bytecode Metrics}},
  booktitle = {{Proceedings of the 5th International Conference on Generative Programming and Component Engineering (GPCE'06)}},
  year = 2006,
  editor = {},
  pages = {171--180},
  address = {Portland, Oregon, USA},
  organization = {},
  publisher = {ACM},
  volume = {},
  number = {},
  series = {},
  month = oct,
  note = {}
}

@INPROCEEDINGS{SantAnna03,
  author = {Sant'Anna, Cl\'audio and Garcia, Alessandro and Chavez, Christina and Lucena Carlos and von Staa, Arndt},
  title = {{On the Reuse and Maintenance of Aspect-Oriented Software: an Assessment Framework (SBES'03)}},
  editor = {},
  booktitle = {Proceedings of the XVII Brazilian Symposium on Software Engineering},
  number = {},
  series = {},
  year = 2003,
  address = {Manaus, Brazil},
  organization = {},
  publisher = {},
  pages = {19--34},
  month = oct,
  note = {}
}

@TECHREPORT{Eder94,
  author = {Eder, Johann and Kappel, Gerti and Schrefl, Michael},
  title = {{Coupling and Cohesion in Object-Oriented Systems}},
  institution = {University of Klagenfurt},
  type = {Technical Report},
  number = {},
  address = {},
  year = 1994,
  month = {},
  note = {}
}

@ARTICLE{Gelinas06,
  author = {G\'elinas, Jean Fran\c{c}ois and Badri, Mourad and Badri, Linda},
  title = {{A Cohesion Measure for Aspects}},
  journal = {{Journal of Object Technology}},
  year = 2006,
  volume = 5,
  number = 7,
  pages = {75--95},
  month = sep#-#oct,
  note = {}
}

@INPROCEEDINGS{Yuying05,
  author = {Yuying, Wang and Qingshan, Li and Ping, Chen and Chunde, Ren},
  title = {{Dynamic Fan-in and Fan-out Metrics for Program Comprehension}},
  booktitle = {{Proceedings of the 1st International Workshop on Program Comprehension through Dynamic Analysis (PCODA'05)}},
  year = 2005,
  editor = {Zaidman, Andy and Hamou-Lhadj, Abdelwahab and Greevy, Orla},
  pages = {38--42},
  address = {Pittsburgh, Pennsylvania, USA},
  organization = {},
  publisher = {IEEE},
  volume = {},
  number = {},
  series = {},
  month = nov,
  note = {}
}

@INPROCEEDINGS{Kuhn05,
  author = {Kuhn, Adrian and Greevy, Orla and G{\^\i}rba, Tudor},
  title = {{Applying Semantic Analysis to Feature Execution Traces}},
  booktitle = {{Proceedings of the 1st International Workshop on Program Comprehension through Dynamic Analysis (PCODA'05)}},
  year = 2005,
  editor = {Zaidman, Andy and Hamou-Lhadj, Abdelwahab and Greevy, Orla},
  pages = {48--53},
  address = {Pittsburgh, Pennsylvania, USA},
  organization = {},
  publisher = {IEEE},
  volume = {},
  number = {},
  series = {},
  month = nov,
  note = {}
}

@INPROCEEDINGS{Hamou-Lhadj05,
  author = {Hamou-Lhadj, Abdelwahab},
  title = {{The Concept of Trace Summarization}},
  booktitle = {{Proceedings of the 1st International Workshop on Program Comprehension through Dynamic Analysis (PCODA'05)}},
  year = 2005,
  editor = {Zaidman, Andy and Hamou-Lhadj, Abdelwahab and Greevy, Orla},
  pages = {43--47},
  address = {Pittsburgh, Pennsylvania, USA},
  organization = {},
  publisher = {IEEE},
  volume = {},
  number = {},
  series = {},
  month = nov,
  note = {}
}

@INPROCEEDINGS{Lopez-Herrejon07,
  author = {Lopez-Herrejon, Roberto E. and Apel, Sven},
  title = {{Measuring and Characterizing Crosscutting in Aspect-Based Programs: Basic Metrics and Case Studies}},
  booktitle = {{Proceedings of the 10th Conference on Fundamental Approaches to Software Engineering (FASE'07)}},
  year = 2007,
  editor = {Dwyer, Matthew B. and Lopes, Ant\'onia},
  pages = {423--437},
  address = {Braga, Portugal},
  organization = {},
  publisher = {Springer},
  volume = {},
  number = {},
  series = {LNCS 4422},
  month = mar,
  note = {}
}

@ARTICLE{Wong00,
  author = {Wong, Eric W. and Gokhale, Swapna S. and Horgan, Joseph R.},
  title = {{Quantifying the Closeness between Program Components and Features}},
  journal = {{Journal of Systems and Software}},
  publisher = {Elsevier Science Ic.},
  year = 2000,
  volume = 54,
  number = 2,
  pages = {87--98},
  month = oct,
  note = {}
}

@INPROCEEDINGS{Ormandjieva05,
  author = {Ormandjieva, Olga and Kassab, Mohamad  and Constantinides, Constantinos},
  title = {{Measurement of Cohesion and Coupling in OO Analysis Model Based on Crosscutting Concerns}},
  booktitle = {{Proceedings of the International Workshop on Software Measurements (IWSM)}},
  year = 2005,
  editor = {},
  pages = {},
  address = {Montreal, Quebec, Canada},
  organization = {},
  publisher = {},
  volume = {},
  number = {},
  series = {},
  month = sep,
  note = {}
}

@INPROCEEDINGS{Dufour03b,
  author = {Dufour, Bruno and Hendren, Laurie and Verbrugge, Clark},
  title = {{*J: A Tool for Dynamic Analysis of Java Programs}},
  booktitle = {{Proceedings of the 18th Annual ACM SIGPLAN Conference on Object-Oriented Programming, Systems, Languages, and Applications (\oopsla'03)}},
  year = 2003,
  editor = {},
  pages = {306--307},
  address = {Anaheim, CA, USA},
  organization = {},
  publisher = {ACM Press},
  volume = {},
  number = {},
  series = {},
  month = oct,
  note = {Poster Session}
}

@ARTICLE{Kitchenham01,
  author = {Kitchenham, Barbara A. and Pickard, Lesley M. and MacDonell, Stephen G. and Shepperd, Martin J.},
  title = {{What Accuracy Statistics Really Measure}},
  journal = {{IEE Proceedings -- Software}},
  year = 2001,
  volume = 148,
  number = 3,
  pages = {81--85},
  month = jun,
  note = {}
}

@ARTICLE{Nelder72,
  author = {Nelder, John A. and Wedderburn, Robert},
  title = {{Generalized Linear Models}},
  journal = {{Journal of the Royal Statistical Society}},
  year = 2001,
  volume = 135,
  number = 3,
  pages = {370--384},
  month = {},
  note = {}
}

@BOOK{Cohen88,
  author = {Cohen, Jacob},
  editor = {},
  title = {{Statistical Power Analysis for the Behavioral Sciences}},
  publisher = {{Lowrence Erlbaum}},
  year = 1988,
  address = {},
  edition = {},
  volume = {},
  number = {},
  series = {},
  month = jul,
  note = {}
}

@BOOK{Hocking76,
  author = {Hocking, Ronald R.},
  editor = {},
  title = {{The Analysis and Selection of Variables in Linear Regression}},
  publisher = {{Biometrics, 32}},
  year = 1976,
  address = {},
  edition = {},
  volume = {},
  number = {},
  series = {},
  month = {},
  note = {}
}

@ARTICLE{Abdi10,
  author = {Abdi, Herv\'e and Williams, Lynne J.},
  title = {{Principal Component Analysis}},
  journal = {{Wiley Interdisciplinary Revoews: Computational Statistics}},
  year = 2010,
  volume = 2,
  number = {},
  pages = {433--459},
  month = jul#"/"#aug,
  note = {}
}

@ARTICLE{Kaur09b,
  author = {Kaur, Arvinder and Singh, Satwinder and Kahlon, K. S.},
  title = {{A Metric Framework for Analysis of Quality of Object Oriented Design}},
  journal = {{World Academy of Science, Engineering and Technology}},
  year = 2009,
  volume = 36,
  number = {},
  pages = {},
  month = {},
  note = {}
}

@INPROCEEDINGS{Talbi01,
  author = {Talbi, Tanit and Meyer, Bertrand and Stapf, Emmanuel},
  title = {{A Metric Framework for Object-Oriented Development}},
  booktitle = {{Proceedings of the 39th International Conference on Technology of Object-Oriented Languages and Systems (TOOLS'01)}},
  year = 2001,
  editor = {},
  pages = {164--172},
  address = {Santa Barbara, CA, USA},
  organization = {},
  publisher = {IEEE},
  volume = {},
  number = {},
  series = {},
  month = jul#"/"#aug,
  note = {}
}

@INPROCEEDINGS{Genero03,
  author = {Genero, Marcela and Miranda, David and Piattini, Mario},
  title = {{Defining Metrics for UML Statechart Diagrams in a Methodological Way}},
  booktitle = {{Proceedings of the 2nd Workshop on Conceptual Modeling Quality (IWCMQ'03)}},
  year = 2003,
  editor = {},
  pages = {118--128},
  address = {Chicago, IL, USA},
  organization = {},
  publisher = {Springer},
  volume = {},
  number = {},
  series = {LNCS 2814},
  month = oct,
  note = {}
}

@INPROCEEDINGS{Franch04,
  author = {Franch, Xavier and Grau, Gemma and Quer, Carme},
  title = {{A Framework for the Definition of Metrics for Actor-Dependency Models}},
  booktitle = {{Proceedings of the 12th International Conference on Requirements Engineering (RE'04)}},
  year = 2004,
  editor = {},
  pages = {348--349},
  address = {Washington, DC, USA},
  organization = {},
  publisher = {IEEE Computer Society},
  volume = {},
  number = {},
  series = {},
  month = {},
  note = {}
}

@ARTICLE{Soni09,
  author = {Soni, Devpriya and Shrivastava, Ritu and Kumar, Mahendra},
  title = {{A Framework for Validation of Object-Oriented Design Metrics}},
  journal = {{International Journal of Computer Science and Information Security}},
  publisher = {LJS Publisher and IJCSIS Press},
  year = 2009,
  volume = 6,
  number = 3,
  pages = {46--52},
  month = oct,
  note = {}
}

@ARTICLE{Brown93,
  author = {Brown, Norman R. and Siegle, Robert S.},
  title = {{Metrics and Mappings: A Framework for Understanding Real-World Quantitative Estimation},},
  journal = {{Psychological Review}},
  publisher = {American Psychological Association Inc.},
  year = 1993,
  volume = 100,
  number = 3,
  pages = {511--534},
  month = {},
  note = {}
}

@INPROCEEDINGS{Korte08,
  author = {Korte, Marcel and Port, Dan},
  title = {{Confidence in Software Cost Estimation Results Based on MMRE and PRED}},
  booktitle = {{Proceedings of the 4th International Workshop on Predictor Models in Software Engineering (PROMISE'08)}},
  year = 2008,
  editor = {},
  pages = {63--70},
  address = {Leipzig, Germany},
  organization = {},
  publisher = {ACM},
  volume = {},
  number = {},
  series = {},
  month = may,
  note = {}
}

@INPROCEEDINGS{Revelle05,
  author = {Revelle, Meghan and Broadbent, Tiffany and Coppit, David},
  title = {{Understanding Concerns in Software: Insights Gained from Two Case Studies}},
  booktitle = {{Proceedings of the 13th International Workshop on Program Comprehension (IWPC'05)}},
  year = 2005,
  editor = {},
  pages = {23--32},
  address = {St. Louis, MO, USA},
  organization = {},
  publisher = {IEEE Computer Society},
  volume = {},
  number = {},
  series = {},
  month = may,
  note = {}
}

@INPROCEEDINGS{Jacquet97,
  author = {Jacquet, Jean-Philippe and Abran, Alain},
  title = {{From Software Metrics to Software Measurement Methods: A Process Model}},
  booktitle = {{Proceedings of the 3rd International Software Engineering Standards Symposium (ISESS'97)}},
  year = 1997,
  editor = {},
  pages = {128--135},
  address = {Walnut Creek, CA, USA},
  organization = {},
  publisher = {IEEE Computer Society},
  volume = {},
  number = {},
  series = {},
  month = jun,
  note = {}
}

@INPROCEEDINGS{McKeown00,
  author = {McKeown, Karen A. and McGuire, Eugene G.},
  title = {{Evaluation of a Metrics Framework for Product and Process Integrity}},
  booktitle = {{Proceedings of the 33rd Hawaii International Conference on System Sciences (HICSS'00)}},
  year = 2000,
  editor = {},
  pages = {4046--4051},
  address = {Maui Island, Hawaii, USA},
  organization = {},
  publisher = {IEEE Computer Society Press},
  volume = 4,
  number = 4,
  series = {},
  month = jan,
  note = {}
}

@INPROCEEDINGS{Seffah01,
  author = {Seffah, Ahmed and Kececi, Nihal and Donyaee, Mohammad},
  title = {{QUIM: A Framework for Quantifying Usability Metrics in Software Quality Models}},
  booktitle = {{Proceedings of the 2nd Asia-Pacific Conference on Quality of Software (APAQS'01)}},
  year = 2001,
  editor = {},
  pages = {311--318},
  address = {Hong Kong, China},
  organization = {},
  publisher = {IEEE Computer Society},
  volume = {},
  number = {},
  series = {},
  month = dec,
  note = {}
}

@INPROCEEDINGS{Tahir12,
  author = {Tahir, Amjed and MacDonell, Stephen},
  title = {{A Systematic Mapping Study on Dynamic Software Metrics}},
  booktitle = {{Proceedings of the 28th IEEE International Conference on Software Maintenance (ICSM'12)}},
  year = 2012,
  editor = {},
  pages = {},
  address = {Riva del Garda, Trento, Italy},
  organization = {},
  publisher = {IEEE Press},
  volume = {},
  number = {},
  series = {},
  month = sep,
  note = {}
}

@ARTICLE{Akaike74,
  author = {Akaike, Hirotugu},
  title = {{A New Look at the Statistical Model Identification}},
  journal = {{IEEE Transactions on Automatic Control}},
  publisher = {IEEE Press},
  year = 1974,
  volume = 19,
  number = 6,
  pages = {716--723},
  month = dec,
  note = {}
}

@ARTICLE{Ponmuthuramalingam11,
  author = {Ponmuthuramalingam, P. and Yamunadevi, M.},
  title = {{An Effective Analysis of Object Oriented Metrics in Software Quality}},
  journal = {{International Journal of Computing Technology and Information Security}},
  publisher = {IJCSI Press},
  year = 2011,
  volume = 1,
  number = 2,
  pages = {43--47},
  month = dec,
  note = {}
}

@INPROCEEDINGS{Erni96,
  author = {Erni, Karin and Lewerentz, Claus},
  title = {{Applying Design-Metrics to Object-Oriented Frameworks}},
  booktitle = {{Proceedings of the 3rd IEEE International Software Metrics Symposium (METRICS'96)}},
  year = 1996,
  editor = {},
  pages = {64--74},
  address = {Berlin, Germany},
  organization = {},
  publisher = {IEEE Computer Society},
  volume = {},
  number = {},
  series = {},
  month = mar,
  note = {}
}

@ARTICLE{McFadden78,
  author = {McFadden, Daniel L.},
  title = {{Quantitative Methods for Analyzing Travel Behaviour of Individuals: Some Recent Developments}},
  journal = {{Behavioural Travel Modelling}},
  publisher = {Croom Helm},
  year = 1978,
  volume = {},
  number = {},
  pages = {279--318},
  month = {},
  note = {}
}

@ARTICLE{Geetika14,
  author = {Geetika, Rani and Singh, Paramvir},
  title = {{Empirical Investigation into Static and Dynamic Coupling Metrics}},
  journal = {{ACM SIGSOFT Software Engineering Notes}},
  year = 2014,
  volume = 39,
  number = 1,
  pages = {1--8},
  month = jan,
  note = {}
}

@ARTICLE{Gupta11,
  author = {Gupta, Varun and Chhabra, Jitender Kumar},
  title = {{Dynamic Cohesion Measures for Object-Oriented Software}},
  journal = {{Journal of Systems Architecture}},
  year = 2011,
  volume = 57,
  number = 4,
  pages = {452--462},
  month = apr,
  note = {}
}

@ARTICLE{Lima18,
  author = {Lima, Phyllipe and Guerra, Eduardo and Meirelles, Paulo and Kanashiro, Lucas and Silva, H\'elio and Fagundes Silveira, F\'abio},
  title = {{A Metrics Suite for Code Annotation Assessment}},
  journal = {{Journal of Systems and Software}},
  publisher = {Elsevier},
  year = 2018,
  volume = 137,
  number = {},
  pages = {163--183},
  month = mar,
  note = {}
}

@ARTICLE{Briand98b,
  author = {Briand, Lionel C. and Daly, John and W\"ust, J\"urgen},
  title = {{A Unified Framework for Cohesion Measurement in Object-Oriented Systems}},
  journal = {{Empirical Software Engineering}},
  publisher = {Springer},
  year = 1998,
  volume = 3,
  number = 1,
  pages = {65--117},
  month = mar,
  note = {}
}

@INPROCEEDINGS{Chidamber91,
  author = {Chidamber, Shyam R. and Kemerer, Chris F.},
  title = {{Towards a Metrics Suite for Object-Oriented Design}},
  booktitle = {{Proceedings of the 6th International Conference on Object-Oriented Programming, Systems, Languages, and Applications (OOPSLA'91)}},
  year = 1991,
  editor = {Paepcke, Andreas},
  pages = {197--211},
  address = {Phoenix, AZ, USA},
  organization = {},
  publisher = {ACM},
  volume = {},
  number = {},
  series = {},
  month = oct,
  note = {}
}

@ARTICLE{Ebert16,
  author = {Ebert, Christof and Cain, James and Antoniol, Giuliano and Counsell, Steve and Laplante, Phillip},
  title = {{Cyclomatic Complexity}},
  journal = {{IEEE Software}},
  publisher = {IEEE},
  year = 2016,
  volume = 33,
  number = 6,
  pages = {27--29},
  month = nov#"-"#dec,
  note = {}
}

@ARTICLE{Coleman94,
  author = {Coleman, Don and Ash, Dan and Lowther, Bruce and Oman, Paul},
  title = {{Using Metrics to Evaluate Software System Maintainability}},
  journal = {{IEEE Computer}},
  publisher = {IEEE},
  year = 1994,
  volume = 27,
  number = 8,
  pages = {44--49},
  month = aug,
  note = {}
}

@INPROCEEDINGS{Coleman92,
  author = {Coleman, Don},
  title = {{Assessing Maintenaibility}},
  booktitle = {{Proceedings of the HP Software Engineering Productivity Conference (SEPC'92)}},
  year = 1992,
  editor = {},
  pages = {525--532},
  address = {Palo Alto, CA, USA},
  organization = {},
  publisher = {HP},
  volume = {},
  number = {},
  series = {},
  month = {},
  note = {}
}

@BOOK{Halstead77,
  author = {Halstead, Maurice H.},
  editor = {},
  title = {{Elements of Software Science}},
  publisher = {Elsevier},
  year = 1977,
  address = {},
  edition = {},
  volume = {},
  number = {},
  series = {{Operating and Programming Systems}},
  month = may,
  note = {}
}

@ARTICLE{Black01,
  author = {Black, Sue},
  title = {{Computing Ripple Effect for Software Maintenance}},
  journal = {{Journal of Software Maintenance and Evolution: Research and Practice}},
  publisher = {John Wiley \& Sons, Ltd.},
  year = 2001,
  volume = 13,
  number = 4,
  pages = {263--279},
  month = jul,
  note = {}
}

@INPROCEEDINGS{Yau78,
  author = {Yau, Sik-Sang and Collofello, James S. and MacGregor, T.},
  title = {{Ripple Effect Analysis of Software Maintenance}},
  booktitle = {{Proceedings of the 2nd International Computer Software and Applications Conference (COMPSAC'78)}},
  year = 1978,
  editor = {},
  pages = {60--65},
  address = {Chicago, IL, USA},
  organization = {},
  publisher = {IEEE},
  volume = {},
  number = {},
  series = {},
  month = nov,
  note = {}
}

@BOOK{Lanza06,
  author = {Lanza, Michele and Marinescu, Radu},
  editor = {},
  title = {{Object-Oriented Metrics in Practice: Using Software Metrics to Characterize, Evaluate, and Improve the Design of Object-Oriented Systems}},
  publisher = {Springer},
  year = 2006,
  address = {},
  edition = {},
  volume = {},
  number = {},
  series = {},
  month = apr,
  note = {}
}

@ARTICLE{Troy81,
  author = {Troy, Douglas A. and Zweben, Stuart H.},
  title = {{Measuring the Quality of Structured Designs}},
  journal = {{Journal of Systems and Software}},
  publisher = {Elsevier},
  year = 1981,
  volume = 2,
  number = 2,
  pages = {113--120},
  month = jun,
  note = {}
}

@ARTICLE{Henry90,
  author = {Henry, Sallie and Selig, Calvin},
  title = {{Predicting Source-Code Complexity at the Design Stage}},
  journal = {{IEEE Software}},
  publisher = {IEEE},
  year = 1990,
  volume = 7,
  number = 2,
  pages = {36--44},
  month = mar,
  note = {}
}

@INPROCEEDINGS{Perepletchikov07,
  author = {Perepletchikov, Mikhail and Ryan, Caspar and Frampton, Keith and Tari, Zahir},
  title = {{Coupling Metrics for Predicting Maintainability in Service-Oriented Designs}},
  booktitle = {{Proceedings of the 18th Australian Software Engineering Conference (ASWEC'07)}},
  year = 2007,
  editor = {},
  pages = {329-340},
  address = {Melbourne, Australia},
  organization = {},
  publisher = {IEEE},
  volume = {},
  number = {},
  series = {},
  month = apr,
  note = {}
}

@INPROCEEDINGS{Chen17,
  author = {Chen, Celia and Alfayez, Reen and Srisopha, Kamonphop and Boehm, Barry and Shi, Lin},
  title = {{Why Is It Important to Measure Maintainability, and What Are the Best Ways to Do It?}},
  booktitle = {{Proceedings of the 39th International Conference on Software Engineering Companion (ICSE-Companion'17)}},
  year = 2017,
  editor = {},
  pages = {377--378},
  address = {Buenos Aires, Argentina},
  organization = {},
  publisher = {IEEE},
  volume = {},
  number = {},
  series = {},
  month = may,
  note = {}
}

@ARTICLE{Pearson95,
  author = {Pearson, Karl},
  title = {{Notes on Regression and Inheritance in the Case of Two Parents}},
  journal = {{Proceedings of the Royal Society of London}},
  publisher = {JSTOR},
  year = 1895,
  volume = 58,
  number = {},
  pages = {240--242},
  month = jun,
  note = {}
}

@ARTICLE{ElSharkawy19,
  author = {El-Sharkawy, Sascha and Yamagishi-Eichler, Nozomi and Schmid, Klaus},
  title = {{Metrics for Analyzing Variability and Its Implementation in Software Product Lines: A Systematic Literature Review}},
  journal = {{Information and Software Technology}},
  publisher = {Elsevier},
  year = 2019,
  volume = 106,
  number = {},
  pages = {1--30},
  month = feb,
  note = {}
}

@ARTICLE{Kaiser60,
  author = {Kaiser, Henry F.},
  title = {{The Application of Electronic Computers to Factor Analysis}},
  journal = {{Educational and Psychological Measurement}},
  publisher = {SAGE Publishing},
  year = 1960,
  volume = 20,
  number = 1,
  pages = {141--151},
  month = apr,
  note = {}
}

@INPROCEEDINGS{Bezerra15,
  author = {Bezerra, Carla I. M. and Andrade, Rossana M. C. and Monteiro, Jos\'e Maria},
  title = {{Measures for Quality Evaluation of Feature Models}},
  booktitle = {{Proceedings of the 9th International Conference on Software and Software Reuse (ICSR'15)}},
  year = 2015,
  editor = {},
  pages = {282--297},
  address = {Miami, FL, USA},
  organization = {},
  publisher = {Springer},
  volume = {},
  number = {},
  series = {Lecture Notes in Computer Science 8919},
  month = jan,
  note = {}
}

@ARTICLE{Card86,
  author = {Card, David N. and Church, Victor E. and Agresti, William W.},
  title = {{An Empirical Study of Software Design Practices}},
  journal = ieeese,
  publisher = {IEEE},
  year = 1986,
  volume = 12,
  number = 2,
  pages = {264--271},
  month = feb,
  note = {}
}

@TECHREPORT{Briand94,
  author = {Briand, Lionel and Morasca, Sandro and Basili, Victor R.},
  title = {{Defining and Validating High-Level Design Metrics}},
  institution = {University of Maryland},
  year = 1994,
  type = {Technical Report},
  number = {CS-TR 3301},
  address = {Baltimore, MD, USA},
  month = {},
  note = {}
}

@ARTICLE{Lavazza23,
  author = {Lavazza, Luigi and Abualkishik, Abedallah Zaid and Liu, Geng and Morasca, Sandro},
  title = {{An Empirical Evaluation of the ``Cognitive Complexity'' Measure as a Predictor of Code Understandability}},
  journal = {{Journal of Systems and Software}},
  publisher = {Elsevier},
  year = 2023,
  volume = 197,
  number = {},
  pages = {},
  month = mar,
  note = {}
}

@INPROCEEDINGS{Campbell18,
  author = {Campbell, G. Ann},
  title = {{Cognitive Complexity: An Overview and Evaluation}},
  booktitle = {{Proceedings of the International Conference on Technical Debt (TechDebt'18)}},
  year = 2018,
  editor = {Buschmann, Frank and Kruchten, Philippe},
  pages = {57--58},
  address = {Gothenburg, Sweden},
  organization = {},
  publisher = {ACM},
  volume = {},
  number = {},
  series = {},
  month = may,
  note = {}
}

@ARTICLE{Horadam14,
  author = {Horadam, K.J. and Nyblom, M.A.},
  title = {{Distances between Sets Based on Set Commonality}},
  journal = {{Discrete Applied Mathematics}},
  publisher = {Elsevier},
  year = 2014,
  volume = 167,
  number = {},
  pages = {310--314},
  month = apr,
  note = {}
}

@ARTICLE{Hart68,
  author = {Hart, Peter E. and Nilsson, Nils J. and Raphael, Bertram},
  title = {{A Formal Basis for the Heuristic Determination of Minimum Cost Paths}},
  journal = {{IEEE Transactions on Systems Science and Cybernetics}},
  publisher = {IEEE},
  year = 1968,
  volume = 4,
  number = 2,
  pages = {100-107},
  month = jul,
  note = {}
}

