@ARTICLE{Amodio17,
  author = {Amodio, Matthew and Chaudhuri, Swarat and Reps, Thomas},
  title = {{Neural Attribute Machines for Programming Generation}},
  journal = {{arXiv e-prints}},
  publisher = {},
  year = 2017,
  volume = {arXiv:1705.09231},
  number = {},
  pages = {1--10},
  month = may,
  note = {}
}

@ARTICLE{Lu17,
  author = {Lu, Yanxin and Chaudhuri, Swarat and Jermaine, Chris and Melski, David},
  title = {{Data-Driven Program Completion}},
  journal = {{arXiv e-prints}},
  publisher = {},
  year = 2017,
  volume = {arXiv:1705.09042},
  number = {},
  pages = {1--40},
  month = may,
  note = {}
}

@INPROCEEDINGS{Maddison14,
  author = {Maddison, Chris and Tarlow, Daniel},
  title = {{Structured Generative Models of Natural Source Code}},
  booktitle = {{Proceedings of the 31st International Conference on Machine Learning (ICML'14)}},
  year = 2014,
  editor = {Xing, Eric P. and Jebara, Tony},
  pages = {649--657},
  address = {Beijing, China},
  organization = {},
  publisher = {PMLR},
  volume = 32,
  number = 2,
  series = {},
  month = jun,
  note = {}
}

@INPROCEEDINGS{Murali18,
  author = {Murali, Vijayaraghavan and Qi, Letao and Chaudhuri, Swarat and Jermain, Chris},
  title = {{Neural Sketch Learning for Conditional Program Generation}},
  booktitle = {{Proceedings of the 6th International Conference on Learning Representations (ICLR'18)}},
  year = 2018,
  editor = {Ranzato, Marc'Aurelio},
  pages = {},
  address = {Vancouver, BC, Canada},
  organization = {},
  publisher = {},
  volume = {},
  number = {},
  series = {},
  month = apr#"/"#may,
  note = {}
}

@INPROCEEDINGS{Alon18,
  author = {Alon, Uri and Zilberstein, Meital and Levy, Omer and Yahav, Eran},
  title = {{A General Path-Based Representation for Predicting Program Properties}},
  booktitle = {{Proceedings of the 39th ACM Conference on Programming Language Design and Implementation (PLDI'18)}},
  year = 2018,
  editor = {Grossman, Dan},
  pages = {404--419},
  address = {Philadelphia, USA},
  organization = {},
  publisher = {ACM},
  volume = {},
  number = {},
  series = {},
  month = jun,
  note = {}
}

@INPROCEEDINGS{Allamanis15,
  author = {Allamanis, Miltiadis and Barr, Earl T. and Bird, Christian and Sutton, Charles},
  title = {{Suggesting Accurate Method and Class Names}},
  booktitle = {{Proceedings of the 10th Joint Meeting of the European Software Engineering Conference and the ACM SIGSOFT Symposium on the Foundations of Software Engineering (ESEC/FSE'15)}},
  year = 2015,
  editor = {Harman, Mark and Heymans, Patrick},
  pages = {38--49},
  address = {Bergamo, Italy},
  organization = {},
  publisher = {ACM},
  volume = {},
  number = {},
  series = {},
  month = aug#"/"#sep,
  note = {}
}

@ARTICLE{Raychev19,
  author = {Raychev, Veselin and Vechev, Martin and Krause, Andreas},
  title = {{Predicting Program Properties from 'Big Code'}},
  journal = cacm,
  publisher = ACM,
  year = 2019,
  volume = 62,
  number = 3,
  pages = {},
  month = mar,
  note = {}
}

@INPROCEEDINGS{Alon19,
  author = {Alon, Uri and Brody, Shaked and Levy, Omer and Yahav, Eran},
  title = {{\texttt{code2seq}: Generating Sequences from Structured Representations of Code}},
  booktitle = {{Proceedings of the 7th International Conference on Learning Representations (ICLR'19)}},
  year = 2019,
  editor = {Rush, Alexander},
  pages = {},
  address = {New Orleans, LA, USA},
  organization = {},
  publisher = {},
  volume = {},
  number = {},
  series = {},
  month = may,
  note = {}
}

@INPROCEEDINGS{Alon19b,
  author = {Alon, Uri and Zilberstein, Meital and Levy, Omer and Yahav, Eran},
  title = {{\texttt{code2vec}: Learning Distributed Representations of Code}},
  booktitle = {{Proceedings of the 46th Annual Symposium on Principles of Programming Languages (POPL'19)}},
  year = 2019,
  editor = {Weirich, Stephanie},
  pages = {},
  address = {Cascais, Portugal},
  organization = {},
  publisher = {ACM},
  volume = {},
  number = {},
  series = {},
  month = jan,
  note = {}
}

@INPROCEEDINGS{Host09,
  author = {H{\o}st, Einar W. and {\O}stvold, Bjarte M.},
  title = {{Debugging Method Names}},
  booktitle = {{Proceedings of the 23rd European Conference on Object-Oriented Programming (ECOOP'09)}},
  year = 2009,
  editor = {Drossopoulou, Sophia},
  pages = {294--317},
  address = {Genoa, Italy},
  organization = {},
  publisher = {Springer},
  volume = {},
  number = {},
  series = {Lecture Notes in Computer Science 5653},
  month = jun,
  note = {}
}

@ARTICLE{Hucka18,
  author = {Hucka, Michael},
  title = {{Spiral: Splitters for Identifiers in Source Code Files}},
  journal = {{Journal of Open Source Software}},
  publisher = {},
  year = 2018,
  volume = 3,
  number = 24,
  pages = {653:1--653:3},
  month = apr,
  note = {}
}

@ARTICLE{McCullogh43,
  author = {McCullogh, Warren S. and Pitts, Walter},
  title = {{A Logical Calculus of the Ideas Immanent in Nervous Activity}},
  journal = {{The Bulletin of Mathematical Biophysics}},
  publisher = {Kluwer Academic Publishers},
  year = 1943,
  volume = 5,
  number = 4,
  pages = {115--133},
  month = dec,
  note = {}
}

@INPROCEEDINGS{Mikolov13,
  author = {Mikolov, Tomas and Sutskever, Ilya and Chen, Kai and Corrado, Greg and Dean, Jeffrey},
  title = {{Distributed Representations of Words and Phrases and Their Compositionality}},
  booktitle = {{Proceedings of the 26th International Conference on Neural Information Processing Systems (NIPS'13)}},
  year = 2013,
  editor = {Burges, Christopher J. C. and Bottou, L\'eon and Ghahramani, Zoubin and Weinberger, Killian Q.},
  pages = {3111--3119},
  address = {Lake Tahoe, NV, USA},
  organization = {},
  publisher = {Curran Associates Inc.},
  volume = {},
  number = {},
  series = {},
  month = dec,
  note = {}
}

@INPROCEEDINGS{Pennington14,
  author = {Pennington, Jeffrey and Socher, Richard and Manning, Christopher},
  title = {{GloVe: Global Vectors for Word Representation}},
  booktitle = {{Proceedings of the Empirical Methods in Natural Language Processing (EMNLP'14)}},
  year = 2014,
  editor = {Pang, Bo and Daelemans, Walter},
  pages = {1532--1543},
  address = {Doha, Qatar},
  organization = {},
  publisher = {Association for Computational Linguistics},
  volume = {},
  number = {},
  series = {},
  month = oct,
  note = {}
}

@ARTICLE{Allamanis18,
  author = {Allamanis, Miltiadis and Barr, Earl T. and Devanbu, Premkumar and Sutton, Charles},
  title = {{A Survey of Machine Learning for Big Code and Naturalness}},
  journal = {{ACM Computing Surveys}},
  publisher = {ACM},
  year = 2018,
  volume = {},
  number = {},
  pages = {},
  month = jul,
  note = {}
}

@ARTICLE{Gers00,
  author = {Gers, Felix A. and Schmidhuber, J\"urgen A. and Cummins, Fred A.},
  title = {{Learning to Forget: Continual Prediction with LSTM}},
  journal = {{Neural Computation}},
  publisher = {MIT Press},
  year = 2000,
  volume = 12,
  number = 10,
  pages = {451--2471},
  month = oct,
  note = {}
}

@INPROCEEDINGS{Vaswani17,
  author = {Vaswani, Ashish and Shazeer, Noam and Parmar, Niki and Uszkoreit, Jakob and Jones, Llion and Gomez, Aidan M. and Kaiser, {\L}ukasz and Polosukhin, Illia},
  title = {{Attention is All You Need}},
  booktitle = {{Proceedings of the 30th Conference on Neural Information Processing Systems (NIPS'17)}},
  year = 2017,
  editor = {Guyon, Isabel and von Luxburg, Ulrike and Bengio, Samy and Wallach, Hanna M. and Fergus, Rob and Vishwanathan, S.V.N. and Garnett, Roman},
  pages = {6000--6010},
  address = {Long Beach, CA, USA},
  organization = {},
  publisher = {Curran Associates, Inc.},
  volume = {},
  number = {},
  series = {},
  month = dec,
  note = {}
}

@INPROCEEDINGS{Luong15,
  author = {Luong, Minh-Thang and Pham, Hicu and Manning, Christopher D.},
  title = {{Effective Approaches to Attention-Based Neural Machine Translation}},
  booktitle = {{Proceedings of the 2015 Conference on Empirical Methods in Natural Language Processing (EMNLP'15)}},
  year = 2015,
  editor = {},
  pages = {1412--1421},
  address = {Lisbon, Portugal},
  organization = {},
  publisher = {Association for Computational Linguistics},
  volume = {},
  number = {},
  series = {},
  month = sep,
  note = {}
}

@INPROCEEDINGS{Kingma14,
  author = {Kingma, Diederik P. and Ba, Jimmy},
  title = {{Adam: A Method for Stochastic Optimization}},
  booktitle = {{Proceedings of the 3rd International Conference on Learning Representations (ICLR'15)}},
  year = 2015,
  editor = {},
  pages = {},
  address = {San Diego, CA, USA},
  organization = {},
  publisher = {},
  volume = {},
  number = {},
  series = {},
  month = may,
  note = {}
}

@INPROCEEDINGS{Liblit06,
  author = {Liblit, Ben and Begel, Andrew and Sweetser, Eve},
  title = {{Cognitive Perspectives on the Role of Naming in Computer Programs}},
  booktitle = {{Proceedings of the 18th Annual Workshop of the Psychology of Programming Interest Group (PPIG'06)}},
  year = 2006,
  editor = {},
  pages = {},
  address = {Brighton, UK},
  organization = {},
  publisher = {},
  volume = {},
  number = {},
  series = {},
  month = {},
  note = {}
}

@ARTICLE{Bengio94,
  author = {Bengio, Yoshua and Simard, Patrice and Frasconi, Paolo},
  title = {{Learning Long-Term Dependencies with Gradient Descent  Is Difficult}},
  journal = {{IEEE Transaction on Neural Networks}},
  publisher = {IEEE},
  year = 1994,
  volume = 5,
  number = 2,
  pages = {157--166},
  month = mar,
  note = {}
}

@ARTICLE{Hochreiter97,
  author = {Hochreiter, Sepp and Schmidhuber, J\"urgen},
  title = {{Long Short-Term Memory}},
  journal = {{Neural Computation}},
  publisher = {MIT Press},
  year = 1997,
  volume = 9,
  number = 8,
  pages = {},
  month = nov,
  note = {}
}

@INPROCEEDINGS{Pascanu13,
  author = {Pascanu, Razvan and Mikolov, Tomas and Bengio, Yoshua},
  title = {{On the Difficulty of Training Recurrent Neural Networks}},
  booktitle = {{Proceedings of the 30th International Conference on  Machine Learning (ICML'13)}},
  year = 2013,
  editor = {Dasgupta, Sanjoy and McAllester, David},
  pages = {III-1310--III-1318},
  address = {Atlanta, GA, USA},
  organization = {},
  publisher = {},
  volume = {},
  number = {},
  series = {},
  month = jun,
  note = {}
}

@ARTICLE{Ba16,
  author = {Ba, Jimmy Lei and Kiros, Jamie Ryan and Hilton, Geoffrey E.},
  title = {{Layer Normalization}},
  journal = {{ArXiv e-prints}},
  publisher = {},
  year = 2016,
  volume = {},
  number = {},
  pages = {},
  month = jul,
  note = {}
}

@MISC{Cox12,
  author = {Cox, Russ},
  title = {{Regular Expression Matching with a Trigram Index or How Google Code Search Worked}},
  howpublished = {\url{https://swtch.com/~rsc/regexp/regexp4.html}},
  month = jan,
  year = 2012,
  note = {}
}

@ARTICLE{Hill14,
  author = {Hill, Emily and Binkley, David and Lawrie, Dawn and Pollock, Lori and Vujay-Shanker, K.},
  title = {{An Empirical Study of Identifier Splitting Techniques}},
  journal = {{Empirical Software Engineering}},
  publisher = {Springer},
  year = 2014,
  volume = 19,
  number = 6,
  pages = {1754--1780},
  month = dec,
  note = {}
}

@INPROCEEDINGS{Butler11,
  author = {Butler, Simon and Wermelinger, Michel and Yu, Yijun and Sharp, Helen},
  title = {{Improving the Tokenisation of Identifier Names}},
  booktitle = {{Proceedings of the 25th European Conference on Object-Oriented Programming (ECOOP'11)}},
  year = 2011,
  editor = {Mezini, Mira},
  pages = {130--154},
  address = {Lancaster, United Kingdom},
  organization = {},
  publisher = {Springer},
  volume = {},
  number = {},
  series = {Lecture Notes in Computer Science 6813},
  month = jul,
  note = {}
}

@INPROCEEDINGS{Kiros15,
  author = {Kiros, Ryan and Zhu, Yukun and Salakhutdinov, Ruslan and Zemel, Richard S. and Torralba, Antonio and Urtasun, Raquel and Fidler, Sanja<LeftMouse>},
  title = {{Skip-Thought Vectors}},
  booktitle = {{Proceedings of the 28th International Conference on Neural Information Processing Systems (NIPS'15)}},
  year = 2015,
  editor = {Cortes, Corinna and Lawrence, Neil D. and Lee, Daniel D. and Sugiyama, Masashi and Garnett, Roman},
  pages = {3294--3302},
  address = {Montr\'eal, Canada},
  organization = {},
  publisher = {MIT Press},
  volume = {},
  number = {},
  series = {},
  month = dec,
  note = {}
}

@INPROCEEDINGS{Tai15,
  author = {Tai, Kai Sheng and Socher, Richard and Manning, Christopher D.},
  title = {{Improved Semantic Representations from Tree-Structured Long Short-Term Memory Networks}},
  booktitle = {{Proceedings of the 53rd Annual Meeting of the Association for Computational Linguistics and the 7th International Joint Conference on Natural Language Processing (ACL/IJCNLP'15)}},
  year = 2015,
  editor = {},
  pages = {1556--1566},
  address = {Beijing, China},
  organization = {},
  publisher = {Association for Computational Linguistics},
  volume = {},
  number = {},
  series = {},
  month = jul,
  note = {}
}

@INPROCEEDINGS{Shi18,
  author = {Shi, Haoyue and Zhou, Hao and Chen, Jiaze and Li, Lei},
  title = {{On Tree-Based Neural Sentence Modeling}},
  booktitle = {{Proceedings of the 2018 Conference on Empirical Methods in Natural Language Processing (EMNLP'18)}},
  year = 2018,
  editor = {},
  pages = {4631--4641},
  address = {Brussels, Belgium},
  organization = {},
  publisher = {Association for Computational Linguistics},
  volume = {},
  number = {},
  series = {},
  month = oct#"-"#nov,
  note = {}
}

@INPROCEEDINGS{Allamanis16,
  author = {Allamanis, Miltiadis and Peng, Hao and Sutton, Charles A.},
  title = {{A Convolutional Attention Network for Extreme Summarization of Source Code}},
  booktitle = {{Proceedings of the 33rd International Conference on Machine Learning (ICML'16)}},
  year = 2016,
  editor = {Balcan, Nina and Weinberger, Kilian},
  pages = {2091--2100},
  address = {New York, NY, USA},
  organization = {},
  publisher = {PMLR},
  volume = 48,
  number = {},
  series = {},
  month = jun,
  note = {}
}

@INPROCEEDINGS{Allamanis13,
  author = {Allamanis, Miltiadis and Sutton, Charles},
  title = {{Mining Source Code Repositories at Massive Scale Using Language Modeling}},
  booktitle = {{Proceedings of the 10th Working Conference on Mining Software Repositories (MSR'13)}},
  year = 2013,
  editor = {Zimmermann, Thomas and Di Penta, Massimiliano and Kim, Sunghun},
  pages = {207--216},
  address = {San Francisco, CA, USA},
  organization = {},
  publisher = {IEEE},
  volume = {},
  number = {},
  series = {},
  month = may,
  note = {}
}

@INPROCEEDINGS{Hu18,
  author = {Hu, Xing and Li, Ge and Xia, Xin and Lo, David and Jin, Zhi},
  title = {{Deep Code Comment Generation}},
  booktitle = {{Proceedings of the 26th Conference on Program Comprehension (ICPC'18)}},
  year = 2018,
  editor = {Roy, Chanchal K. and Siegmund, Janet},
  pages = {200--210},
  address = {Gothenburg, Sweden},
  organization = {},
  publisher = {ACM},
  volume = {},
  number = {},
  series = {},
  month = may,
  note = {}
}

@INPROCEEDINGS{Piech15,
  author = {Piech, Chris and Huang, Jonathan and Nguyen, Andy and Phulsuksombati, Mike and Sahami, Mehran and Guibas, Leonidas},
  title = {{Learning Program Embeddings to Propagate Feedback on Student Code}},
  booktitle = {{Proceedings of the 32nd International Conference on Machine Learning (ICML'15)}},
  year = 2015,
  editor = {Bach, Francis and Blei, David},
  pages = {1093--1102},
  address = {Lille, France},
  organization = {},
  publisher = {PMLR},
  volume = {},
  number = {},
  series = {},
  month = jul,
  note = {}
}

@INPROCEEDINGS{Chen18,
  author = {Chen, Xinyun and Liu, Chang and Song, Dawn},
  title = {{Tree-to-Tree Neural Networks for Program Translation}},
  booktitle = {{Proceedings of the 31st Conference on Neural Information Provessing Systems (NeurIPS'18)}},
  year = 2018,
  editor = {Wallach, Hanna and Larochelle, Hugo and Grauman, Kristen and Cesa-Bianchi, Nicol\`o},
  pages = {2552--2562},
  address = {Montr\'eal, Canada},
  organization = {},
  publisher = {Curran Associates Inc.},
  volume = {},
  number = {},
  series = {},
  month = dec,
  note = {}
}

@INPROCEEDINGS{Oda15,
  author = {Oda, Yusuke and Fudaba, Hiroyuki and Neubig, Graham and Hata, Hideaki and Sakti, Sakriani and Toda, Tomoki and Nakamura, Satoshi},
  title = {{Learning to Generate Pseudo-Code from Source Code Using Statistical Machine Translation}},
  booktitle = {{Proceedings of the 30th IEEE/ACM International Conference on Automated Software Engineering (ASE'15)}},
  year = 2015,
  editor = {Cohen, Myra and Grunske, Lars and Whalen, Michael},
  pages = {574--584},
  address = {Lincoln, NE, USA},
  organization = {},
  publisher = {IEEE},
  volume = {},
  number = {},
  series = {},
  month = nov,
  note = {}
}

@INPROCEEDINGS{Chen18b,
  author = {Chen, Qingying and Zhou, Minghui},
  title = {{A Neural Framework for Retrieval and Summarization of Source Code}},
  booktitle = {{Proceedings of the 33rd IEEE/ACM International Conference on Automated Software Engineering (ASE'18)}},
  year = 2018,
  editor = {K\"astner, Christian and Fraser, Gordon},
  pages = {826--831},
  address = {Montpellier, France},
  organization = {},
  publisher = {ACM},
  volume = {},
  number = {},
  series = {},
  month = sep,
  note = {}
}

@INPROCEEDINGS{Iyer16,
  author = {Iyer, Srinivasan and Konstas, Ioannis and Cheung, Alvin and Zettlemoyer, Luke},
  title = {{Summarizing Source Code Using a Neural Attention Model}},
  booktitle = {{Proceedings of the 54th Annual Meeting of the Association for Computational Linguistics (ACL'16)}},
  year = 2016,
  editor = {Erk, Katrin and Smith, Noah A.},
  pages = {2073--2083},
  address = {Berlin, Germany},
  organization = {},
  publisher = {Association for Computational Linguistics},
  volume = {},
  number = {},
  series = {},
  month = aug,
  note = {}
}

@INPROCEEDINGS{Jiang17,
  author = {Jiang, Siyuan and Armaly, Ameer and McMillan, Collin},
  title = {{Automatically Generating Commit Messages from Diffs Using Neural Machine Translation}},
  booktitle = {{Proceedings of the 32nd IEEE/ACM International Conference on Automated Software Engineering (ASE'17)}},
  year = 2017,
  editor = {Di Penta, Massimiliano and Nguyen, Tien N.},
  pages = {135--146},
  address = {Urbana-Champaign, IL, USA},
  organization = {},
  publisher = {IEEE},
  volume = {},
  number = {},
  series = {},
  month = oct,
  note = {}
}

@INPROCEEDINGS{Haiduc10,
  author = {Haiduc, Sonia and Aponte, Jairo and Marcus, Andrian},
  title = {{Supporting Program Comprehension with Source Code Summarization}},
  booktitle = {{Proceedings of the 32nd ACM/IEEE International Conference on Software Engineering (ICSE'10)}},
  year = 2010,
  editor = {Kramer, Jeff and Bishop. Judith and Devanbu, Prem and Uchitel, Sebastian},
  pages = {223--226},
  address = {Cape Town, South Africa},
  organization = {},
  publisher = {IEEE},
  volume = {},
  number = {},
  series = {},
  month = may,
  note = {}
}

@INPROCEEDINGS{Movshovitz-Attias13,
  author = {Movshovitz-Attias, Dana and Cohen, William W.},
  title = {{Natural Language Models for Predicting Programming Comments}},
  booktitle = {{Proceedings of the 51st Annual Meeting of the Association for Computational Linguistics (ACL'13)}},
  year = 2013,
  editor = {Schuetze, Hinrich and Fung, Pascale and Peosio, Massimo},
  pages = {35--40},
  address = {Sofia, Bulgaria},
  organization = {},
  publisher = {Association for Computational Linguistics},
  volume = {},
  number = {},
  series = {},
  month = aug,
  note = {}
}

@INPROCEEDINGS{Allamanis14,
  author = {Allamanis, Miltiadis and Barr, Earl T. and Bird, Christian and Sutton, Charles},
  title = {{Learning Natural Coding Conventions}},
  booktitle = {{Proceedings of the 22nd International Symposium on Foundations of Software Engineering (FSE'14)}},
  year = 2014,
  editor = {Cheung, Shing-Chi and Orso, Alessandro and Storey, Margare-Anne},
  pages = {281--293},
  address = {Hong Kong, China},
  organization = {},
  publisher = {ACM},
  volume = {},
  number = {},
  series = {},
  month = nov,
  note = {}
}

@INPROCEEDINGS{Dam19,
  author = {Dam, Hoa Khanh and Pham, Trang and Ng, Shien Wee and Tran, Tryuen and Grundy, John and Ghose, Aditya and Kim Taeksu and Kim, Chul-Joo},
  title = {{Lessons Learned from Using a Deep Tree-Based Model for Software Defect Prediction in Practice}},
  booktitle = {{Proceedings of the 16th International Conference on Mining Software Repositories (MSR'19)}},
  year = 2019,
  editor = {Storey, Margaret-Anne and Adams, Bram and Haiduc, Sonia},
  pages = {46--57},
  address = {Montr\'eal, QB, Canada},
  organization = {},
  publisher = {IEEE},
  volume = {},
  number = {},
  series = {},
  month = may,
  note = {}
}

@INPROCEEDINGS{Wang16,
  author = {Wang, Song and Liu, Taiyue and Tan, Lin},
  title = {{Automatically Learning Semantic Features for Defect Prediction}},
  booktitle = {{Proceedings of the 38th International Conference on Software Engineering (ICSE'16)}},
  year = 2016,
  editor = {Dillon, Laura and Visser, Willem and Williams, Laurie},
  pages = {297--308},
  address = {Austin, TX, USA},
  organization = {},
  publisher = {IEEE},
  volume = {},
  number = {},
  series = {},
  month = may,
  note = {}
}

@INPROCEEDINGS{Pradel18,
  author = {Pradel, Michael and Sen, Koushik},
  title = {{DeepBugs: A Learning Approach to Name-Based Bug Detection}},
  booktitle = {{Proceedings of the 33rd Conference on Object-Oriented Programming, Systems, Languages, and Applications (OOPSLA'18)}},
  year = 2018,
  editor = {Sridharan, Manu},
  pages = {147:1--147:25},
  address = {Boston, MA, USA},
  organization = {},
  publisher = {ACM},
  volume = {},
  number = {},
  series = {},
  month = oct,
  note = {}
}

@INPROCEEDINGS{Li17b,
  author = {Li, Hao and Kadav, Asim and Durdanovic, Igor and Samet, Hanan and Graf, Hans Peter},
  title = {{Pruning Filters for Efficient ConvNets}},
  booktitle = {{Proceedings of the 5th International Conference on Learning Representations (ICLR'17)}},
  year = 2017,
  editor = {Larochelle, Hugo and Vinyals, Oriol and Sainath, Tara},
  pages = {},
  address = {Toulon, France},
  organization = {},
  publisher = {},
  volume = {},
  number = {},
  series = {},
  month = apr,
  note = {}
}

@INPROCEEDINGS{Li17,
  author = {Li, Jian and He, Pinjia and Zhu, Jieming and Lyu, Michael R.},
  title = {{Software Defect Prediction via Convolutional Neural Network}},
  booktitle = {{Proceedings of the International Conference on Software Quality, Reliability and Security (QRS'17)}},
  year = 2017,
  editor = {N\'u\~nez, Manuel and Dohi, Tadashi and Bai, Xiaoying},
  pages = {318--328},
  address = {Prague, Czech Republic},
  organization = {},
  publisher = {IEEE},
  volume = {},
  number = {},
  series = {},
  month = jul,
  note = {}
}

@INPROCEEDINGS{Bahdanau15,
  author = {Bahdanau, Dzmitry and Cho, Kyunghyun and Bengio, Yoshua},
  title = {{Neural Machine Translation by Jointly Learning to Align and Translate}},
  booktitle = {{Proceedings of the 3rd International Conference on Learning Representations (ICLR'15)}},
  year = 2015,
  editor = {},
  pages = {},
  address = {San Diego, CA, USA},
  organization = {},
  publisher = {},
  volume = {},
  number = {},
  series = {},
  month = may,
  note = {}
}

@INPROCEEDINGS{Fried12,
  author = {Fried, Daniel and Li, Zhen and Jannesari, Ali and Wolf, Felix},
  title = {{Predicting Parallelization of Sequential Programs Using Supervised Learning}},
  booktitle = {{Proceedings of the 12th International Conference on Machine Learning and Applications (ICMLA'13)}},
  year = 2013,
  editor = {},
  pages = {72-77},
  address = {Miami, FL, USA},
  organization = {},
  publisher = {IEEE},
  volume = {},
  number = {},
  series = {},
  month = dec,
  note = {}
}

@ARTICLE{Ozkaya20,
  author = {Ozkaya, Ipek},
  title = {{What Is Really Different in Engineering AI-Enabled Systems?}},
  journal = {{IEEE Software}},
  publisher = {IEEE},
  year = 2020,
  volume = 37,
  number = {},
  pages = {3--6},
  month = jul#"-"#aug,
  note = {}
}

@ARTICLE{Shi20,
  author = {Shi, Ke and Lu, Yang and Chang, Jingfei and Weu, Zhen},
  title = {{PathPair2Vec: An AST Path Pair-Based Code Representation Method for Defect Prediction}},
  journal = {{Journal of Computer Languages}},
  publisher = {Elsevier},
  year = 2020,
  volume = 59,
  number = {},
  pages = {},
  month = aug,
  note = {}
}

@INPROCEEDINGS{Dwivedi17,
  author = {Dwivedi, Vijay Prakash and Shrivastava, Manish},
  title = {{Beyond Word2Vec: Embedding Words and Phrases in Same Vector Space}},
  booktitle = {{Proceedings of the 14th International Conference on Natural Language Processing (ICON'17)}},
  year = 2017,
  editor = {},
  pages = {205--211},
  address = {Kolkata, India},
  organization = {},
  publisher = {ACL},
  volume = {},
  number = {},
  series = {},
  month = dec,
  note = {}
}

@MISC{Husain19,
  author = {Husain, Hamel and Wu, Ho-Hsiang and Gazit, Tiferet and Allamanis, Miltiadis and Brockschmidt, Marc},
  title = {{CodeSearchNet Challenge: Evaluating the State of Semantic Code Search}},
  howpublished = {arXiv preprint arXiv:1909.09436},
  month = {},
  year = 2019,
  note = {}
}

@ARTICLE{Caudill87,
  author = {Cudill, Maureen},
  title = {{Neural Networks Primer, Part I}},
  journal = {{AI Expert}},
  publisher = {Miller Freeman, Inc.},
  year = 1987,
  volume = 2,
  number = 12,
  pages = {46--52},
  month = dec,
  note = {}
}

@INPROCEEDINGS{Gehring17,
  author = {Gehring, Jonas and Auli, Michael and Grangler, David and Yarats, Denis and Dauphin, Yann N.},
  title = {{Convolutional Sequence to Sequence Learning}},
  booktitle = {{Proceedings of the 34th International Conference on Machine Learning (ICML'17)}},
  year = 2017,
  editor = {Precup, Doina and Teh, Yee Whye},
  pages = {1243--1252},
  address = {Sidney, Australia},
  organization = {},
  publisher = {PMLR},
  volume = {},
  number = {},
  series = {},
  month = aug,
  note = {}
}

@TECHREPORT{Lachaux20,
  author = {Lachaux, Marie-Anne and Roziere, Baptiste and Chanussot, Lowik and Lample, Guillaume},
  title = {{Unsupervised Translation of Programming Languages}},
  institution = {Facebook AI Research Center},
  year = 2020,
  type = {},
  number = {arXiv:2006.03511},
  address = {},
  month = sep,
  note = {}
}

@TECHREPORT{Vasilache18,
  author = {Vasilache, Nicolas and Zinenko, Oleksandr and Theodoridis, Theodoros and Goyal, Priya and De Vito, Zachary and Moses, William S. and Verdoolaege, Sven and Adams, Andrew and Cohen, Albert},
  title = {{Tensor Comprehensions: Framework-Agnostic High-Performance Machine Learning Abstractions}},
  institution = {Facebook AI Research Center},
  year = 2018,
  type = {},
  number = {arXiv:1802.04730},
  address = {},
  month = jun,
  note = {}
}

@ARTICLE{Omote20,
  author = {Omote, Yutaro and Tamura, Akihiro and Ninomiya, Takashi},
  title = {{Dependency-Based Relative Positional Encoding for Transformer NMT}},
  journal = {{Journal of Natural Language Processing}},
  publisher = {Association for Natural Language Processing},
  year = 2020,
  volume = 27,
  number = 2,
  pages = {281--298},
  month = jun,
  note = {}
}

@INPROCEEDINGS{Omote19,
  author = {Omote, Yutaro and Tamura, Akihiro and Ninomiya, Takashi},
  title = {{Dependency-Based Relative Positional Encoding for Transformer NMT}},
  booktitle = {{Proceedings of the International Conference on Recent Advances in Natural Language Processing (RANPL'19)}},
  year = 2019,
  editor = {Mitkov, Ruslan and Angelova, Galia},
  pages = {854--861},
  address = {Varna, Bulgaria},
  organization = {},
  publisher = {},
  volume = {},
  number = {},
  series = {},
  month = sep,
  note = {}
}

@ARTICLE{Halevy09,
  author = {Halevy, Alon and Norvig, Peter and Pereira, Fernando},
  title = {{The Unreasonable Effectiveness of Data}},
  journal = {{IEEE Intelligent Systems}},
  publisher = {IEEE},
  year = 2009,
  volume = 24,
  number = {},
  pages = {8--12},
  month = mar#"/"#apr,
  note = {}
}

@INPROCEEDINGS{Alon20,
  author = {Alon, Uri and Sadaka, Roy and Levy, Omer and Yahav, Eran},
  title = {{Structural Language Models of Code}},
  booktitle = {{Proceedings of the 37th International Conference on Machine Learning (ICML'20)}},
  year = 2020,
  editor = {Daum\'e III, Emtiyaz and Loh, Po-ling},
  pages = {},
  address = {},
  organization = {},
  publisher = {PMLR},
  volume = {},
  number = {},
  series = {},
  month = jul,
  note = {}
}

@INPROCEEDINGS{Herzig20,
  author = {Herzig, Jonathan and Nowak, Pawe{\l} Krzysztof and M\"uller, Thomas and Piccinno, Francesco and Eisenschlos, Julian Martin},
  title = {{TaPas: Weakly Supervised Table Parsing via Pre-Training}},
  booktitle = {{Proceedings of the 58th Annual Meeting of the Association for Computational Linguistics (ACL'20)}},
  year = 2020,
  editor = {Chai, Joyce and Schluter, Natalie and Tetreault, Joel},
  pages = {},
  address = {Seattle, WA, USA},
  organization = {},
  publisher = {Association for Computational Linguistics},
  volume = {},
  number = {},
  series = {},
  month = jul,
  note = {}
}

@ARTICLE{Child19,
  author={Child, Rewon and Gray, Scott and Radford, Alec and Sutskever, Ilya},
  title = {{Generating Long Sequences with Sparse Transformers}},
  journal = {{arXiv e-prints}},
  publisher = {},
  year = 2019,
  volume = {arXiv:1904.10509},
  number = {},
  pages = {1--10},
  month = apr,
  note = {}
}

@INPROCEEDINGS{Lan20,
  author = {Lan, Zhenzhong and Chen, Mingda and Goodman, Sebastian and Gimpel, Kevin and Sharma, Piyush and Soricut, Radu},
  title = {{ALBERT: A Lite BERT for Self-Supervised Learning of Language Representations}},
  booktitle = {{Proceedings of the 8th International Conference on Learning Representations (ICLR'20)}},
  year = 2020,
  editor = {Song, Dawn and Cho, Kyunghyun and White, Martha},
  pages = {},
  address = {Addis Ababa, Ethiopia},
  organization = {},
  publisher = {},
  volume = {},
  number = {},
  series = {},
  month = apr,
  note = {}
}

@ARTICLE{Liu19,
  author = {Liu, Yinhan and Ott, Myle and Goyal, Naman and Du, Jingfei and Joshi, Mandar and Chen, Danqi and Levy, Omer and Lewis, Mike and Zettlemoyer, Luke and Stoyanov, Veselin},
  title = {{RoBERTa: A Robustly Optimized BERT Pretraining Approach}},
  journal = {{arXiv e-prints}},
  publisher = {},
  year = 2019,
  volume = {arXiv:1907.11692v1},
  number = {},
  pages = {1--13},
  month = jul,
  note = {}
}

@INPROCEEDINGS{Dai20,
  author = {Dai, Zihang and Lai, Guokun and Yang, Yiming and Le, Quoc V.},
  title = {{Funnel-Transformer: Filtering out Sequential Redundancy for Efficient Language Processing}},
  booktitle = {{Processing of the 33rd Conference on Neural Information Processing Systems (NeurIPS'20)}},
  year = 2020,
  editor = {Ranzato, Marc'Aurelio and Hadsell, Raia and Balcan, Maria Florina and Lin, Hsuan-Tien},
  pages = {4271--4282},
  address = {Vancouver, BC, Canada},
  organization = {},
  publisher = {Curran Associates, Inc.},
  volume = 33,
  number = {},
  series = {},
  month = dec,
  note = {}
}

@ARTICLE{Roy21,
  author = {Roy, Aurko and Saffar, Mohammad and Vaswani, Ashish and Grangier, David},
  title = {{Efficient Content-Based Sparse Attention with Routing Transformers}},
  journal = {{Transactions of the Association for Computational Linguistics}},
  publisher = {MIT Press},
  year = 2021,
  volume = 9,
  number = {},
  pages = {53--68},
  month = feb,
  note = {}
}

@INPROCEEDINGS{Kitaev20,
  author = {Kitaev, Nikita and Kaiser, {\L}ukasz and Levskaya, Anselm},
  title = {{Reformer: The Efficient Transformer}},
  booktitle = {{Proceedings of the 8th International Conference on Learning Representations (ICLR'20)}},
  year = 2020,
  editor = {Song, Dawn and Cho, Kyunghyun and White, Martha},
  pages = {},
  address = {Addis Ababa, Ethiopia},
  organization = {},
  publisher = {},
  volume = {},
  number = {},
  series = {},
  month = apr,
  note = {}
}

@ARTICLE{Burtsev21,
  author = {Burtsev, Mikhail S. and Kuratov, Yuri and Peganov, Anton and Sapunov, Grigory V.},
  title = {{Memory Transformer}},
  journal = {{arXiv e-prints}},
  publisher = {},
  year = 2021,
  volume = {arXiv:2006.11527v2},
  number = {},
  pages = {1--17},
  month = feb,
  note = {}
}

@ARTICLE{Beltagy20,
  author = {Beltagy, Iz and Peters, Matthew E. and Cohan, Arman},
  title = {{Longformer: The Long-Document Transformer}},
  journal = {{arXiv e-prints}},
  publisher = {},
  year = 2021,
  volume = {arXiv:2004.05150v2},
  number = {},
  pages = {1--17},
  month = dec,
  note = {}
}

@INPROCEEDINGS{Choromanski21,
  author = {Choromanski, Krzysztof and Likhosherstov, Valerii and Dohan, David and Song, Xingyou and Gane, Andreea and Sarlos, Tamas and Hawkins, Peter and Davis, Jared and Mohiuddin, Afroz and Kaiser, {\L}ukasz and Belanger, David and Colwell, Lucy and Weller, Adrian},
  title = {{Rethinking Attention with Performers}},
  booktitle = {{Proceedings of the 9th International Conference on Learning Representations (ICLR'21)}},
  year = 2021,
  editor = {Liu, Yan and Finn, Chelsea and Choi, Yejin and Deisenroth, Marc},
  pages = {1--38},
  address = {},
  organization = {},
  publisher = {},
  volume = {},
  number = {},
  series = {},
  month = apr,
  note = {}
}

@INPROCEEDINGS{Feng20,
  author = {Feng, Zhangyin and Guo, Daya and Tang, Duyu and Duan, Nan and Feng, Xiaocheng and Gong, Ming and Shou, Linjun and Qin, Bing and Liu, Ting and Jiang, Daxin and Zhou, Ming},
  title = {{CodeBERT: A Pre-Trained Model for Programming and Natural Languages}},
  booktitle = {{Proceedings of the Empirical Methods in Natural Language Processing (EMNLP'20)}},
  year = 2020,
  editor = {Cohn, Trevor and He, Yulan and Liu, Yang},
  pages = {1536--1547},
  address = {},
  organization = {},
  publisher = {Association for Computational Linguistics},
  volume = {},
  number = {},
  series = {},
  month = nov,
  note = {}
}

@ARTICLE{Hendrycks16,
  author = {Hendrycks, Dan and Gimpel, Kevin},
  title = {{Gaussian Error Linear Units (GELUs)}},
  journal = {{arXiv e-prints}},
  publisher = {},
  year = 2016,
  volume = {arXiv:1606.08415},
  number = {},
  pages = {1--9},
  month = jun,
  note = {}
}

@INPROCEEDINGS{Kovaleva19,
  author = {Kovaleva, Olga and Romanov, Alexey and Rogers, Anna and Rumshisky, Anna},
  title = {{Revealing the Dark Secrets of BERT}},
  booktitle = {{Proceedings of the 2019 Conference on Empirical Methods in Natural Language Processing and the 9th International Joint Conference on Natural Language Processing (EMNLP-IJCNLP'19)}},
  year = 2019,
  editor = {},
  pages = {4365--4374},
  address = {Hong Kong, China},
  organization = {},
  publisher = {Association for Computational Linguistics},
  volume = {},
  number = {},
  series = {},
  month = nov,
  note = {}
}

@INPROCEEDINGS{Ott19,
  author = {Ott, Myle and Edunov, Sergey and Baesvski, Alexei and Fan, Angela and Gross, Sam and Ng, Nathan and Grangier, David and Auli, Michael},
  title = {{FAIRSEQ: A Fast, Extensible Toolkit for Sequence Modeling}},
  booktitle = {{Proceedings of the Human Language Technology: Conference of the North American Chapter of the Association of Computational Linguistics (HLT-NAACL'19)}},
  year = 2019,
  editor = {},
  pages = {48--53},
  address = {Minneapolis, MN, USA},
  organization = {},
  publisher = {Association for Computational Linguistics},
  volume = {},
  number = {},
  series = {},
  month = jun,
  note = {Demonstrations}
}

@INPROCEEDINGS{Yang20,
  author = {Yang, Liu and Zhang, Mingyang and Li, Cheng and Bendersky, Michael and Najork, Marc},
  title = {{Beyond 512 Tokens: Siamese Multi-depth Transformer-Based Hierarchical Encoder for Long-Form Document Matching}},
  booktitle = {{Proceedings of the 29th ACM International Conference on Information \& Knowledge Management (CIKM'20)}},
  year = 2020,
  editor = {Hauff, Claudia and Curry, Edward and Mauroux, Philippe Cudre},
  pages = {1725--1734},
  address = {Ireland},
  organization = {},
  publisher = {ACM},
  volume = {},
  number = {},
  series = {},
  month = oct,
  note = {}
}

@INPROCEEDINGS{Tay20a,
  author = {Tay, Yi and Bahri, Dara and Yang, Liu and Metzler, Donald and Juan, Da-Cheng},
  title = {{Sparse Sinkhorn Attention}},
  booktitle = {{Proceedings of the 37th International Conference on Machine Learning (ICML'20)}},
  year = 2020,
  editor = {Daum\'e III, Emtiyaz and Loh, Po-ling},
  pages = {9438--9447},
  address = {},
  organization = {},
  publisher = {PMLR},
  volume = {},
  number = {},
  series = {},
  month = jul,
  note = {}
}

@ARTICLE{Tay20b,
  author={Tay, Yi and Dehghani, Mostafa and Abnar, Samira and Shen, Yikang and Bahri, Dara and Pham, Philip and Rao, Jinfeng and Yang, Liu and Ruder, Sebastian and Metzler, Donald},
  title={{Long Range Arena: A Benchmark for Efficient Transformers}},
  journal = {{arXiv e-prints}},
  publisher = {},
  year = 2017,
  volume = {arXiv:2011.04006v1},
  number = {},
  pages = {1--16},
  month = may,
  note = {}
}

@INPROCEEDINGS{Zaheer20,
  author = {Zaheer, Manzil and Guruganesh, Guru and Dubey, Kumar Avinava and Ainslie, Joshua and Alberti, Chris and Ontanon, Santiago and Pham, Philip and Ravula, Anirudh and Wang, Qifan and Yang, Li and Ahmed, Amr},
  title = {{Big Bird: Transformers for Longer Sequences}},
  booktitle = {{Processing of the 33rd Conference on Neural Information Processing Systems (NeurIPS'20)}},
  year = 2020,
  editor = {Ranzato, Marc'Aurelio and Hadsell, Raia and Balcan, Maria Florina and Lin, Hsuan-Tien},
  pages = {},
  address = {Vancouver, BC, Canada},
  organization = {},
  publisher = {Curran Associates, Inc.},
  volume = 33,
  number = {},
  series = {},
  month = dec,
  note = {}
}

@ARTICLE{Wang20,
  author = {Wang, Sinong and Li, Belinda Z. and Khabsa, Madian and Fang, Han and Ma, Hao},
  title = {{Linformer: Self-Attention with Linear Complexity}},
  journal = {{arXiv e-prints}},
  publisher = {},
  year = 2017,
  volume = {arXiv:2006.04768v3},
  number = {},
  pages = {1--12},
  month = jun,
  note = {}
}

@INPROCEEDINGS{Hellendoorn17,
  author = {Hellendoorn, Vincent J. and Devanbu, Premkumar},
  title = {{Are Deep Neural Network the Best Choice for Modeling Source Code?}},
  booktitle = {{Proceedings of the 11st Joint Meeting of the European Software Engineering Conference and the Symposium on the Foundations of Software Engineering (ESEC/FSE'17)}},
  year = 2017,
  editor = {van Deursen, Arie and Zisman, Andrea},
  pages = {763--773},
  address = {Padeborn, Germany},
  organization = {},
  publisher = {ACM},
  volume = {},
  number = {},
  series = {},
  month = sep,
  note = {}
}

@INPROCEEDINGS{Kang19,
  author = {Kang, Hong Jin and Bissyand\'e, Tegawend\'e F. and Lo, David},
  title = {{Assessing the Generalizability of code2vec Token Embeddings}},
  booktitle = {{Proceedings of the 34th International Conference on Automated Software Engineering (ASE'19)}},
  year = 2019,
  editor = {Lawall, Julia and Marinov, Darko},
  pages = {1--12},
  address = {San Diego, CA, USA},
  organization = {},
  publisher = {IEEE},
  volume = {},
  number = {},
  series = {},
  month = nov,
  note = {}
}

@INPROCEEDINGS{Jiang19,
  author = {Jiang, Lin and Liu, Huai and Jiang, He},
  title = {{Machine Learning Based Recommendation of Method Names: How Far Are We?}},
  booktitle = {{Proceedings of the 34th International Conference on Automated Software Engineering (ASE'19)}},
  year = 2019,
  editor = {Lawall, Julia and Marinov, Darko},
  pages = {602--614},
  address = {San Diego, CA, USA},
  organization = {},
  publisher = {IEEE},
  volume = {},
  number = {},
  series = {},
  month = nov,
  note = {}
}

@INPROCEEDINGS{Rabin20,
  author = {Rabin, Md Rafiqul Islam and Mukherjee, Arjun and Gnawali, Omprakash and Alipour, Mohammad Amin},
  title = {{Towards Demystifying Dimensions of Source Code Embeddings}},
  booktitle = {{Proceedings of the 1st International Workshop on Representation Learning for Software Engineering and Program Languages (RL+SE\&PL'20)}},
  year = 2020,
  editor = {Wang, Shaohua and Nguyen, Tien N.},
  pages = {29--38},
  address = {},
  organization = {},
  publisher = {ACM},
  volume = {},
  number = {},
  series = {},
  month = nov,
  note = {}
}

@ARTICLE{Rabin21,
  author = {Rabin, Md Rafiqul Islam and Bui, Nghi D. Q. and Wang, Ke and Yu, Yijun and Jiang, Lingxiao and Alipour, Mohammad Amin},
  title = {{On the Generalizability of Neural Program Models with Respect to Semantic-Preserving Program Transformations}},
  journal = {{Information and Software Technology}},
  publisher = {Elsevier},
  year = 2021,
  volume = 135,
  number = {},
  pages = {},
  month = feb,
  note = {}
}

@INPROCEEDINGS{Hoang20,
  author = {Hoang, Thong and Kang, Hong Jin and Lo, David and Lawall, Julia},
  title = {{CC2Vec: Distributed Representations of Code Changes}},
  booktitle = {{Proceedings of the 42nd ACM/IEEE International Conference on Software Engineering (ICSE'20)}},
  year = 2020,
  editor = {Visser, Willem and Yoo, Shin},
  pages = {518--529},
  address = {Seoul, South Korea},
  organization = {},
  publisher = {ACM},
  volume = {},
  number = {},
  series = {},
  month = jun,
  note = {}
}

@INPROCEEDINGS{Jiang21,
  author = {Jiang, Nan and Lutellier, Thibaud and Tan, Lin},
  title = {{CURE: Code-Aware Neural Machine Translation for Automatic Program Repair}},
  booktitle = {{Proceedings of the 43nd ACM/IEEE International Conference on Software Engineering (ICSE'21)}},
  year = 2021,
  editor = {van Deursen, Arie and Xie, Tao},
  pages = {1161--1173},
  address = {Madrid, Spain},
  organization = {},
  publisher = {IEEE},
  volume = {},
  number = {},
  series = {},
  month = jun,
  note = {}
}

@INPROCEEDINGS{Brockschmidt19,
  author = {Brockschmidt, Marc and Allamanis, Miltiadis and Gaunt, Alexander L. and Polozov, Oleksandr},
  title = {{Generative Code Modeling with Graphs}},
  booktitle = {{Proceedings of the 7th International Conference on Learning Representations (ICLR'19, poster session)}},
  year = 2019,
  editor = {Rush, Alexander},
  pages = {},
  address = {New Orleans, LA, USA},
  organization = {},
  publisher = {},
  volume = {},
  number = {},
  series = {},
  month = may,
  note = {}
}

@INPROCEEDINGS{Romanov20,
  author = {Romanov, Vitaly and Ivanov, Vladimir and Succi, Giancarlo},
  title = {{Approaches for Representing Software as Graphs for Machine Learning Applications}},
  booktitle = {{Proceedings of the International Computer Symposium (ICS'20)}},
  year = 2020,
  editor = {Tsai, Meng-Hsun and Tsai, Pei-Hsuan and Yang, De-Nian},
  pages = {529--534},
  address = {Tainan, Taiwan},
  organization = {},
  publisher = {IEEE},
  volume = {},
  number = {},
  series = {},
  month = dec,
  note = {}
}

@INPROCEEDINGS{Allamanis18b,
  author = {Allamanis, Miltiadis and Brockschmmmidt, Marc and Khademi, Mahmoud},
  title = {{Learning to Represent Programs with Graphs}},
  booktitle = {{Proceedings of the 6th International Conference on Learning Representations (ICLR'18)}},
  year = 2018,
  editor = {Ranzato, Marc'Aurelio},
  pages = {},
  address = {Vancouver, BC, Canada},
  organization = {},
  publisher = {},
  volume = {},
  number = {},
  series = {},
  month = apr#"/"#may,
  note = {}
}

@INPROCEEDINGS{Ben-Nun18,
  author = {Ben-Nun, Tal and Jakobovits, Alice Shashana and Hoefler, Torsten},
  title = {{Neural Code Comprehension: A Learnable Representation of Code Semantics}},
  booktitle = {{Proceedings of the 31st International Conference on Neural Information Processing Systems (NeurIPS'18)}},
  year = 2018,
  editor = {Wallach, Hanna and Larochelle, Hugo and Grauman, Kristen and Cesa-Bianchi, Nicol\`o},
  pages = {3589--3601},
  address = {Montr\'eal, Canada},
  organization = {},
  publisher = {Curran Associates Inc.},
  volume = {},
  number = {},
  series = {},
  month = dec,
  note = {}
}

@INPROCEEDINGS{Wang18b,
  author = {Wang, Ke and Sing, Rishabh and Su, Zhendong},
  title = {{Dynamic Neural Program Embedding for Program Repair}},
  booktitle = {{Proceedings of the 6th International Conference on Learning Representations (ICLR'18)}},
  year = 2018,
  editor = {Ranzato, Marc'Aurelio},
  pages = {},
  address = {Vancouver, BC, Canada},
  organization = {},
  publisher = {},
  volume = {},
  number = {},
  series = {},
  month = apr#"/"#may,
  note = {}
}

@INPROCEEDINGS{Keim20,
  author = {Keim, Jan and Kaplan, Angelika and Koziolek, Anne and Mirakhorli, Mehdi},
  title = {{Does BERT Understand Code? An Exploratory Study on the Detection of Architectural Tactics in Code}},
  booktitle = {{Proceedings of 14th European Conference on Software Architecture (CSA'20)}},
  year = 2020,
  editor = {},
  pages = {220--228},
  address = {L'Aquila, Italy},
  organization = {},
  publisher = {Springer},
  volume = {},
  number = {},
  series = {Lecture Notes in Computer Science 12292},
  month = sep,
  note = {}
}

@INPROCEEDINGS{Wang20b,
  author = {Wang, Yu and Wang, Ke and Gao, Fengjuan and Wang, Linzhang},
  title = {{Learning Semantic Program Embeddings with Graph Interval Neural Network}},
  booktitle = {{Proceedings of the 35th Conference on Object-Oriented Programming, Systems, Languages, and Applications (OOPSLA'20)}},
  year = 2020,
  editor = {Grove, David},
  pages = {1--27},
  address = {Chicago, IL, USA},
  organization = {},
  publisher = {ACM},
  volume = {},
  number = {},
  series = {},
  month = nov,
  note = {}
}

@ARTICLE{Wang20c,
  author = {Wang, Wenhua and Zhang, Yuqun and Sui, Yulei and Wan, Yao and Zhao, Zhou and Yu, Jian and Yu, Philip and Xy, Guandong},
  title = {{Reinforcement-Learning-Guided Source Code Summarization via Hierarchical Attention}},
  journal = ieeese,
  publisher = {IEEE},
  year = 2020,
  volume = {},
  number = {},
  pages = {},
  month = mar,
  note = {}
}

@INPROCEEDINGS{Hu19,
  author = {Hu, Han and Chen, Qiuyuan and Liu, Zhaoyi},
  title = {{Code Generation from Supervised Code Embeddings}},
  booktitle = {{Proceedings of the 26th International Conference on Neural Information Processing (ICONIP'19)}},
  year = 2019,
  editor = {Gedeon, Tom and Wong, Kok Wai and Lee, Minho},
  pages = {388--396},
  address = {Sydney, Australia},
  organization = {},
  publisher = {Springer},
  volume = {},
  number = {},
  series = {Communications in Computer and Information Science 1142},
  month = dec,
  note = {}
}

@INPROCEEDINGS{Wang20d,
  author = {Wang, Ke and Su, Zhendong},
  title = {{Blended, Precise Semantic Program Embeddings}},
  booktitle = {{Proceedings of the 41st Conference on Programming Language Design and Implementation (PLDI'20)}},
  year = 2020,
  editor = {Torlak, Emina},
  pages = {121--134},
  address = {London, United Kingdom},
  organization = {},
  publisher = {ACM},
  volume = {},
  number = {},
  series = {},
  month = jun,
  note = {}
}

@INPROCEEDINGS{Wolf20,
  author = {Wolf, Thomas and Debut, Lysandre and Sanh, Victor and Chaumond, Julien and Delangue, Clement and Moi, Anthony and Cistac, Pierric and Rault, Tim and Louf, R\'emi and Funtowicz, Morgan and Davison, Joe and Shleifer, Sam and von Platen, Patrick and Ma, Clara and Jernite, Yacine and Plu, Julien and Xym Canwen and Le Scao, Teven and Gugger, Sylvain and Drame, Mariama and Lhoest, Quentin and Rush, Alexander M.},
  title = {{Transformers: State-of-the-Art Natural Language Processing}},
  booktitle = {{Proceedings of the Empirical Methods in Natural Language Processing (EMNLP'20, Demo Session)}},
  year = 2020,
  editor = {Cohn, Trevor and He, Yulan and Liu, Yang},
  pages = {38--45},
  address = {},
  organization = {},
  publisher = {Association for Computational Linguistics},
  volume = {},
  number = {},
  series = {},
  month = nov,
  note = {}
}

@INPROCEEDINGS{He16,
  author = {He, Kaiming and Zhang, Xiangyu and Ren, Shaoqing and Sun, Jian},
  title = {{Deep Residual Learning for Image Recognition}},
  booktitle = {{Proceedings of the 29th IEEE Conference on Computer Vision and Pattern Recognition (CVPR'16)}},
  year = 2016,
  editor = {Agapito, Lourdes and Berg, Tamara and Kosecka, Jana and Zelnik-Manor, Lihi},
  pages = {770--778},
  address = {Las Vegas, NV, USA},
  organization = {},
  publisher = {IEEE},
  volume = {},
  number = {},
  series = {},
  month = jun,
  note = {}
}

@INPROCEEDINGS{Balntas16,
  author = {Balntas, Vassileios and Riba, Edgar and Ponsa, Daniel and Mikolajczyk, Krystian},
  title = {{Learning Local Feature Descriptors with Triplets and Shallow Convolutional Neural Networks}},
  booktitle = {{Proceedings of the British Machine Vision Conference (BMVC'16)}},
  year = 2016,
  editor = {Wilson, Richard C. and Hancock, Edwin R. and Smith, William A. P.},
  pages = {119.1--119.11},
  address = {York, United Kingdom},
  organization = {},
  publisher = {BMVA Press},
  volume = {},
  number = {},
  series = {},
  month = sep,
  note = {}
}

@ARTICLE{Chen21,
  author = {Chen, Mark and Tworek, Jerry and Jun, Heewoo and Yuan, Qiming and de Oliveira Pinto, Henrique Ponde and Kaplan, Jared and Edwards, Harri and Burda, Yuri and Joseph, Nicholas and Brockman, Greg and Ray, Alex and Puri, Raul and Krueger, Gretchen and Petrov, Michael and Khlaaf, Heidy and Sastry, Girish and Mishkin, Pamela and Chan, Brooke and Gray, Scott and Ryder, Nick and Pavlov, Mikhail and Power, Alethea and Kaiser, Lukasz and Bavarian, Mohammad and Winter, Clemens and Tillet, Philippe and Petroski, Felipe Such and Cummings, Dave and Plappert, Matthias and Chantzis, Fotios and Barnes, Elizabeth and Herbert-Voss, Ariel and Hebgen Guss, William and Nichol, Alex and Paino, Alex and Tezak, Nikolas and Tang, Jie and Babuschkin, Igor and Balaji, Suchir and Jain, Shantanu and Saunders, William and Hesse, Christopher and Carr, Andrew N. and Leike, Jan and Achiam, Josh and Misra, Vedant and Morikawa, Evan and Radford, Alec and Knight, Matthew and Brundage, Miles and Murati, Mira and Mayer, Katie and Welinder, Peter and McGrew, Bob and Amodei, Dario and McCandlish, Sam and Sutskever, Ilya and Zaremba, Wojciech},
  title = {{Evaluating Large Language Models Trained on Code}},
  journal = {{arXiv e-prints}},
  publisher = {},
  year = 2021,
  volume = {arXiv:2107.03374},
  number = {},
  pages = {1--35},
  month = jul,
  note = {}
}

@INPROCEEDINGS{Mashhadi21,
  author = {Mashhadi, Ehsan and Hemmati, Hadi},
  title = {{Applying CodeBERT for Automated Program Repair of Java Simple Bugs}},
  booktitle = {{Proceedings of the 18th International Conference on Mining Software Repositories (MSR'21)}},
  year = 2021,
  editor = {Blincoe, Kelly and Nagappan, Meiyappan},
  pages = {505--509},
  address = {Madrid, Spain},
  organization = {},
  publisher = {IEEE},
  volume = {},
  number = {},
  series = {},
  month = may,
  note = {}
}

@INPROCEEDINGS{Jung21,
  author = {Jung, Tae-Hwan},
  title = {{CommitBERT: Commit Message Generation Using Pre-Trained Programming Language Model}},
  booktitle = {{Proceedings of the 1st Workshop on Natural Language Processing for Programming (NLP4Prog'21)}},
  year = 2021,
  editor = {},
  pages = {26--33},
  address = {},
  organization = {},
  publisher = {ACL},
  volume = {},
  number = {},
  series = {},
  month = aug,
  note = {}
}

@INPROCEEDINGS{Gu18,
  author = {Gu, Xiaodong and Zhang, Hongyu and Kim, Sunghun},
  title = {{Deep Code Search}},
  booktitle = {{Proceedings of the 40th International Conference on software Engineering (ICSE'18)}},
  year = 2018,
  editor = {Chechik, Marsha},
  pages = {933--944},
  address = {Gothenburg, Sweden},
  organization = {},
  publisher = {ACM},
  volume = {},
  number = {},
  series = {},
  month = may#"/"#jun,
  note = {}
}

@ARTICLE{Aribandi21,
  author = {Aribandi, Vamsi and Tay, Yi and Schuster, Tal and Rao, Jinfeng and Zheng, Huaixiu Steven and Mehta, Sanket Vaibhav and Zhuang, Honglei and Tran, Vinh Q. and Bahri, Dara and Ni, Jianmo and Gupta, Jai and Hui, Kai and Ruder, Sebastian and Metzler, Donald},
  title = {{ExT5: Towards Extreme Multi-Task Scaling for Transfer Learning}},
  journal = {{arXiv e-prints}},
  publisher = {},
  year = 2017,
  volume = {arXiv:2111.10952},
  number = {},
  pages = {1--28},
  month = nov,
  note = {}
}

@ARTICLE{VanDenOord18,
  author = {{\sortnoop{Oord}}van den Oord, A\"aron and Li, Yazhe and Vinyals, Oriol},
  title = {{Representation Learning with Contrastive Predictive Coding}},
  journal = {{arXiv e-prints}},
  publisher = {},
  year = 2018,
  volume = {arXiv:1807.03748},
  number = {},
  pages = {1--13},
  month = jul,
  note = {}
}

@ARTICLE{VanDerMaaten08,
  author = {{\sortnoop{Maaten}}van der Maaten, Laurens and Hinton, Geoffrey},
  title = {{Visualizing Data Using t-SNE}},
  journal = {{Journal of Machine Learning Research}},
  publisher = {JMLR},
  year = 2008,
  volume = 9,
  number = 86,
  pages = {2579--2605},
  month = nov,
  note = {}
}

@INPROCEEDINGS{Chen20,
  author = {Chen, Ting and Kornblith, Simon and Norouzi, Mohammed},
  title = {{A Simple Framework for Contrastive Learning of Visual Representations}},
  booktitle = {{Proceedings of the 37th International Conference on Machine Learning (ICML'20)}},
  year = 2020,
  editor = {Daum\'e III, Emtiyaz and Loh, Po-ling},
  pages = {1597--1607},
  address = {Vienna, Austria},
  organization = {},
  publisher = {PMLR},
  volume = {},
  number = {},
  series = {},
  month = jul,
  note = {}
}

@ARTICLE{Lecun98,
  author={Lecun, Yann and Bottou, L\'eon and Bengio, Yoshua and Haffner, Patrick},
  title = {{Gradient-Based Learning Applied to Document Recognition}},
  journal = {{Proceedings of the IEEE}},
  publisher = {IEEE},
  year = 1998,
  volume = 86,
  number = 11,
  pages = {2278--2324},
  month = nov,
  note = {}
}

@ARTICLE{Yarahmadi20,
  author = {Yarahmadi, Hadis and Hasheminejad, Seyed Mohammed Hossei},
  title = {{Design Pattern Detection Approaches: A Systematic Review of the Literature}},
  journal = {{Artificial Intelligence Review}},
  publisher = {Springer},
  year = 2020,
  volume = 53,
  number = 8,
  pages = {5789--5846},
  month = apr,
  note = {}
}

@INPROCEEDINGS{Thaller19,
  author = {Thaller, Hannes and Linsbauer, Lukas and Egyed, Alexander},
  title = {{Feature Maps: A Comprehensible Software Representation for Design Pattern Detection}},
  booktitle = {{Proceedings of the 26th International Conference on Software Analysis, Evolution and Reengineering (SANER'19)}},
  year = 2019,
  editor = {Lo, David and Shihab, Emad},
  pages = {207--217},
  address = {Hangzhou, China},
  organization = {},
  publisher = {IEEE},
  volume = {},
  number = {},
  series = {},
  month = feb,
  note = {}
}

@INPROCEEDINGS{Tolstikhin21,
  author = {Tolstikhin, Ilya O. and Houlsby, Neil and Kolesnikov, Alexander and Beyer, Lucas and Zhai, Xiaohua and Unterthiner, Thomas and Yung, Jessica and Steiner, Andreas and Keysers, Daniel and Uszkoreit, Jakob and Lucic, Mario and Dosovitskiy},
  title = {{MLP-Mixer: An all-MLP Architecture for Vision}},
  booktitle = {{Processing of the 34th Conference on Neural Information Processing Systems (NeurIPS'21)}},
  year = 2021,
  editor = {Ranzato, Marc'Aurelio and Beygelzimer, A. and Dauphin, Y. and Lian, P. S. and Wortman Vaughan, J.},
  pages = {24261--24272},
  address = {Virtual},
  organization = {},
  publisher = {Curran Associates, Inc.},
  volume = 34,
  number = {},
  series = {},
  month = dec,
  note = {}
}

@INPROCEEDINGS{Schroff15,
  author = {Schroff, Florian and Kalenichenko, Dmitry and Philbin, James},
  title = {FaceNet: A Unified Embedding for Face Recognition and Clustering},
  booktitle = {{Proceedings of the IEEE Conference on Computer Vision and Pattern Recognition (CVPR'18)}},
  year = 2015,
  editor = {Forsyth, David and Laptev, Ivan and Ramanan, Deva and Oliva, Aude},
  pages = {815--823},
  address = {Salt Lake City, UT, USA},
  organization = {},
  publisher = {IEEE},
  volume = {},
  number = {},
  series = {},
  month = jun,
  note = {}
}

@BOOK{Goodfellow16,
  author = {Goodfellow, Ian and Bengio, Yoshua and Courville, Aaron},
  editor = {},
  title = {{Deep Learning}},
  publisher = {MIT Press},
  year = 2016,
  address = {},
  edition = {},
  volume = {},
  number = {},
  series = {},
  month = {},
  note={\url{http://www.deeplearningbook.org}}
}

@ARTICLE{McInnes18,
  author = {McInnes, Leland and Healy, John and Melville, James},
  title = {{UMAP: Uniform Manifold Approximation and Projection for Dimension Reduction}},
  journal = {{arXiv e-prints}},
  publisher = {},
  year = 2018,
  volume = {arXiv:1802.03426},
  number = {},
  pages = {},
  month = feb,
  note = {}
}

@INPROCEEDINGS{Ellis21,
  author = {Ellis, Kevin and Wong, Catherine and My, Maxwell and Sabl\'e-Meyer, Mathias and Morales, Lucas and Hewitt, Luke and Cary, Luc and Solar-Lezema, Armando and Tenenbaum, Joshua B.},
  title = {{DreamCoder: Bootstrapping Inductive Program Synthesis with Wake-Sleep Library Learning}},
  booktitle = {{Proceedings of the 42nd International Conference on Programming Language Design and Implementation (PLDI'21)}},
  year = 2021,
  editor = {Yahav, Eran},
  pages = {835--850},
  address = {Virtual, Canada},
  organization = {},
  publisher = {ACM},
  volume = {},
  number = {},
  series = {},
  month = jun,
  note = {}
}

@INPROCEEDINGS{He21,
  author = {He, Jingxuan and Lee, Cheng-Chun and Raychev, Veselin and Vechev, Martin},
  title = {{Learning to Find Naming Issues with Big Code and Small Supervision}},
  booktitle = {{Proceedings of the 42nd International Conference on Programming Language Design and Implementation (PLDI'21)}},
  year = 2021,
  editor = {Yahav, Eran},
  pages = {296--311},
  address = {Virtual, Canada},
  organization = {},
  publisher = {ACM},
  volume = {},
  number = {},
  series = {},
  month = jun,
  note = {}
}

@ARTICLE{Wu22,
  author = {Wu, Chen and Yan, Ming},
  title = {{Learning Deep Semantic Model for Code Search using CodeSearchNet Corpus}},
  journal = {{arXiv e-prints}},
  publisher = {},
  year = 2022,
  volume = {arXiv:2201.11313v1},
  number = {},
  pages = {1--6},
  month = jan,
  note = {}
}

@INPROCEEDINGS{Devlin19,
  author = {Devlin, Jacob and Chang, Ming-Wei and Lee, Kenton and Toutanova, Kristina},
  title = {{BERT: Pre-Training of Deep Bidirectional Transformers for Language Understanding}},
  booktitle = {{Proceedings of the 17th Annual Conference of the North American Chapter of the Association for Computational Linguistics: Human Language Technologies (NAACL-HLT'19)}},
  year = 2019,
  editor = {},
  pages = {4171--4186},
  address = {Minneapolis, MN, USA},
  organization = {},
  publisher = {Association for Computational Linguistics},
  volume = {},
  number = {},
  series = {},
  month = jun,
  note = {}
}

@ARTICLE{Burtsev20,
  author = {Burtsev, Mikhail S. and Kuratov, Yuri and Peganov, Anton and Sapunov, Grigory},
  title = {{Memory Transformer}},
  journal = {{arXiv e-prints}},
  publisher = {},
  year = 2020,
  volume = {arXiv:2006.11527},
  number = {},
  pages = {1--17},
  month = jun,
  note = {}
}

@ARTICLE{Melekhov17,
  author = {Melekhov, Iaroslav and Ylioinas, Juha and Kannala, Juho and Rahtu, Esa},
  title = {{Image-Based Localization Using Hourglass Networks}},
  journal = {{arXiv e-prints}},
  publisher = {},
  year = 2017,
  volume = {arXiv:1703.07971v3},
  number = {},
  pages = {1--8},
  month = jun,
  note = {}
}

@INPROCEEDINGS{Yang17,
  author = {Yang, Jing and Liu, Qingshan and Zhang, Kaihua},
  title = {{Stacked Hourglass Network for Robust Langmark Localisation}},
  booktitle = {{Proceedings of the Conference on Computer Vision and Pattern Recognition Workshops (CVPRW'17)}},
  year = 2017,
  editor = {Liu, Yanxi and Rehg, James M. and Taylor, Camillo J. and Wu, Ying},
  pages = {2025--2033},
  address = {Honolulu, HI, USA},
  organization = {},
  publisher = {IEEE},
  volume = {},
  number = {},
  series = {},
  month = jul,
  note = {}
}

@INPROCEEDINGS{Li18,
  author = {Li, Hao and Xu, Zheng and Taylor, Gavin and Studer, Christoh and Goldstein, Tom},
  title = {{Visualizing the Loss Landscape of Neural Nets}},
  booktitle = {{Proceedings of the 31st Conference on Neural Information Provessing Systems (NeurIPS'18)}},
  year = 2018,
  editor = {Wallach, Hanna and Larochelle, Hugo and Grauman, Kristen and Cesa-Bianchi, Nicol\`o},
  pages = {},
  address = {Montr\'eal, Canada},
  organization = {},
  publisher = {Curran Associates Inc.},
  volume = {},
  number = {},
  series = {},
  month = dec,
  note = {}
}

@INPROCEEDINGS{Karampatsis20,
  author = {Karampatsis, Rafael-Michael and Babii, Hlib and Robbes, Romain and Sutton, Charles and Janes, Andrea},
  title = {{Big Code != Big Vocabulary: Open-Vocabulary Models for Source Code}},
  booktitle = {{Proceedings of the 42nd International Conference on Software Engineering (ICSE'20)}},
  year = 2020,
  editor = {Visser, Willem and Yoo, Shin},
  pages = {1073--1085},
  address = {Seoul, South Korea},
  organization = {},
  publisher = {ACM},
  volume = {},
  number = {},
  series = {},
  month = may,
  note = {}
}

@ARTICLE{Tufano19,
  author = {Tufano, Michele and Watson, Cody and Bavota, Gabriele and Di Penta, Massimiliano and White, Martin and Poshyvanyk, Denys},
  title = {{An Empirical Study on Learning Bug-Fixing Patches in the Wild via Neural Machine Translation}},
  journal = {{ACM Transactions on Software Engineering and Methodology}},
  publisher = {ACM},
  year = 2019,
  volume = 28,
  number = 4,
  pages = {19:1--29},
  month = oct,
  note = {}
}

@INPROCEEDINGS{Mastropaolo21,
  author = {Mastropaolo, Antonio and Scalabrino, Simone and Cooper, Nathan and Palacio, David Nader and Poshyvanyk, Denys and Oliveto, Rocco and Bavota, Gabriele},
  title = {{Studying the Usage of Text-To-Text Transfer Transformer to Support Code-Related Tasks}},
  booktitle = {{Proceedings of th e43rd International Conference on Software Engineering (ICSE'21)}},
  year = 2021,
  editor = {van Deursen, Arie and Xie, Tao},
  pages = {336--347},
  address = {Madrid, Spain},
  organization = {},
  publisher = {IEEE},
  volume = {},
  number = {},
  series = {},
  month = may,
  note = {}
}

@INPROCEEDINGS{Wang21,
  author = {Wang, Yue and Wang, Weishi and Joty, Shafiq and Hoi, Steven C.\ H.},
  title = {{CodeT5: Identifier-Aware Unified Pre-trained Encoder-Decoder Models for Code Understanding and Generation}},
  booktitle = {{Proceedings of the Empirical Methods in Natural Language Processing (EMNLP'21)}},
  year = 2021,
  editor = {},
  pages = {8696--8708},
  address = {Punta Cana, Dominican Republic},
  organization = {},
  publisher = {ACL},
  volume = {},
  number = {},
  series = {},
  month = nov,
  note = {}
}

@INPROCEEDINGS{Roziere20,
  author = {Roziere, Baptiste and Lachaux Marie-Anne and Chanussot, Lowik and Lample, Guillaume},
  title = {{Unsupervised Translation of Programming Languages}},
  booktitle = {{Proceedings of the 34th Conference on Neural Information Processing Systems (NeurUPS'20)}},
  year = 2020,
  editor = {Ranzato, Marc'Aureio and Hadsell, Raia and Balcan, Maria Florina and Lin, Hsuan-Tien},
  pages = {20601--20611},
  address = {},
  organization = {},
  publisher = {Curran Associates Inc.},
  volume = {},
  number = {},
  series = {},
  month = dec,
  note = {}
}

@INPROCEEDINGS{DaSilva21,
  author = {{\sortnoop{Silva}}da Silva, Anderson Faustino and Conde Kind, Bruno and de Souza Magalh\~ae, Jos\'e Wesley and Rocha, Jer\^onimo Nunes and Ferreira Guimar\~aes, Breno Campos and Quint\~ao Pereira, Fernando Magno},
  title = {{\textsc{AnghaBench}: A Suite with One Million Compilable C Benchmarks for Code-Size Reduction}},
  booktitle = {{Proceedings of the 19th International Symposium on Code Generation and Optimization (CGO'21)}},
  year = 2021,
  editor = {Soffa, Mary Lou and Zaks, Ayal},
  pages = {378--390},
  address = {Soul, South Korea},
  organization = {},
  publisher = {IEEE},
  volume = {},
  number = {},
  series = {},
  month = feb#"-"#mar,
  note = {}
}

@ARTICLE{Adams19,
  author = {Adams, Andrew and Ma, Karima and Anderson, Luke and Baghdadi, Riyadh and Li, Tzu-Mao and Gharbi, Mich\"el and Steiner, Beno{\^\i}t and Johnson, Steven and Fatahalian, Jayvon and Durand, Fr\'edo and Ragan-Kelley, Jonathan},
  title = {{Learning to Optimize Halide with Tree Search and Random Programs}},
  journal = tog,
  publisher = {ACM},
  year = 2019,
  volume = 38,
  number = 4,
  pages = {},
  month = jul,
  note = {}
}

@INPROCEEDINGS{Agakov06,
  author = {Agakov, Felix and Bonilla, Edwin V. and Cavazos, John and Franke, Bjorn and Fursin, Grigori and O'Boyle, Michael F. P. and Thomson, John and Toussaint, M. and Williams, Chris K. I.},
  title = {{Using Machine Learning to Focus Iterative Optimization}},
  booktitle = {{Proceedings of the 4th International Symposium on Code Generation and Optimization (CGO'06)}},
  year = 2006,
  editor = {Conte, Tom},
  pages = {305--315},
  address = {New York, NY, USA},
  organization = {},
  publisher = {IEEE},
  volume = {},
  number = {},
  series = {},
  month = mar,
  note = {}
}

@INPROCEEDINGS{BenNun18,
  author = {Ben-Nun, Tal and Jakobovists, Alice Shoshana and Hoefler, Torsten},
  title = {{Neural Code Comprehension: A Learnable Representation of Code Semantics}},
  booktitle = {{Proceedings of the 31st International Conference on Neural Information Processing Systems (NeurIPS'18)}},
  year = 2018,
  editor = {Bengio, Samy and Wallach, Hanna M. and Larochelle, Hugo and Grauman, Kristen and Cesa-Bianchi, Nicol\`o},
  pages = {3589--3601},
  address = {Montr\'eal, Canada},
  organization = {},
  publisher = {Curran Associates Inc.},
  volume = {},
  number = {},
  series = {},
  month = dec,
  note = {}
}

@INPROCEEDINGS{Brauckmann20,
  author = {Brauckmann, Alexander and Goens, Andr\'es and Ertel, Sebastian and Castrillon, Jeronimo},
  title = {{Compiler-Based Graph Representations for Deep Learning Models of Code}},
  booktitle = {{Proceedings of the 29th International Conference on Compiler Construction (CC'20)}},
  year = 2020,
  editor = {Pouchet, Louis-No\"el and Jimborean, Alexandra},
  pages = {201--211},
  address = {San Diego, CA, USA},
  organization = {},
  publisher = {ACM},
  volume = {},
  number = {},
  series = {},
  month = feb,
  note = {}
}

@ARTICLE{Bresson18,
  author = {Bresson, Xavier and Laurent, Thomas},
  title = {{Residual Gate Graph ConvNets}},
  journal = {{ArXiv e-prints}},
  publisher = {},
  year = 2018,
  volume = {arxiv:1711.07553v2},
  number = {},
  pages = {},
  month = apr,
  note = {}
}

@INPROCEEDINGS{Cummins17,
  author = {Cummins, Chris and Petoumenos, Pavlos and Wang, Zheng and Leather, Hugh},
  title = {{End-to-End Deep Learning of Optimization Heuristics}},
  booktitle = {{Proceedings of the 26th International Conference on Parallel Architectures and Compilation Techniques (PACT'17)}},
  year = 2017,
  editor = {Padua, David A.},
  pages = {219--232},
  address = {Portland, OR, USA},
  organization = {},
  publisher = {IEEE},
  volume = {},
  number = {},
  series = {},
  month = sep,
  note = {}
}

@INPROCEEDINGS{Cummins21,
  author = {Cummins, Chris and Fisches, Zacharias V. and Ben-Nun, Tal and Hoefler, Torsten and O'Boyle, Michael F. P. and Leather, Hugh},
  title = {{ProGraML: A Graph-based Program Representation for Data Flow Analysis and Compiler Optimizations}},
  booktitle = {{Proceedings of the 38th International Conference on Machine Learning (ICML'21)}},
  year = 2021,
  editor = {Meila, Marina and Zhang, Tong},
  pages = {2244--2253},
  address = {},
  organization = {},
  publisher = {PMLR},
  volume = {},
  number = {},
  series = {},
  month = jul,
  note = {}
}

@INPROCEEDINGS{Cummins17b,
  author = {Cummins, Chris and Petoumenos, Pavlos and Wang, Zheng and Leather, Hugh},
  title = {{Synthesizing Benchmarks for Predictive Modeling}},
  booktitle = {{Proceedings of the 15th International Symposium on Code Generation and Optimization (CGO'17)}},
  year = 2017,
  editor = {Janapa Reddi, Vijay and Smith, Aaron and Tang, Lingjia},
  pages = {86--99},
  address = {Austin, TX, USA},
  organization = {},
  publisher = {IEEE},
  volume = {},
  number = {},
  series = {},
  month = feb,
  note = {}
}

@BOOK{Haykin98,
  author = {Haykin, Simon},
  editor = {},
  title = {{Neural Networks: A Comprehensive Foundation}},
  publisher = {Prentice Hall},
  year = 1998,
  address = {},
  edition = {Second},
  volume = {},
  number = {},
  series = {},
  month = jan,
  note = {}
}

@ARTICLE{Fursin14,
  author = {Fursin, Grigori},
  title = {{Collective Tuning Initiative: Automating and Accelerating Development and Optimization of Computing Systems}},
  journal = {{ArXiv e-prints}},
  publisher = {},
  year = 2014,
  volume = {arxiv:1407.3487v1},
  number = {},
  pages = {},
  month = jul,
  note = {}
}

@INPROCEEDINGS{HajAli20,
  author = {Haj-Ali, Ameer and Ahmed, Nesreen K. and Willke, Ted and Shao, Yakun Sophia and Asanovic, Krste and Stoica, Ion},
  title = {{NeuroVectorizer: End-to-End Vectorization with Deep Reinforcement Learning}},
  booktitle = {{Proceedings of the 18th International Symposium on Code Generation and Optimization (CGO'20)}},
  year = 2020,
  editor = {Xue, Jingling and Wu, Peng},
  pages = {242--255},
  address = {San Diego, CA, USA},
  organization = {},
  publisher = {IEEE},
  volume = {},
  number = {},
  series = {},
  month = feb,
  note = {}
}

@INPROCEEDINGS{Ioffe15,
  author = {Ioffe, Sergey and Szegedy, Christian},
  title = {{Batch Normalization: Accelerating Deep Network Training by Reducing Internal Covariate Shift}},
  booktitle = {{Proceedings of the 32nd International Conference on Machine Learning (ICML'15)}},
  year = 2015,
  editor = {Bach, Francis and Blei, David},
  pages = {448--456},
  address = {Lille, France},
  organization = {},
  publisher = {PMLR},
  volume = {},
  number = {},
  series = {},
  month = jul,
  note = {}
}

@INPROCEEDINGS{Kipf17,
  author = {Kipf, Thomas N. and Welling, Max},
  title = {{Semi-Supervised Classification with Graph Convolutional Networks}},
  booktitle = {{Proceedings of the 5th International Conference on Learning Representations (ICLR'17)}},
  year = 2017,
  editor = {},
  pages = {},
  address = {Toulon, France},
  organization = {},
  publisher = {},
  volume = {},
  number = {},
  series = {},
  month = apr,
  note = {}
}

@INPROCEEDINGS{Baghdadi21,
  author = {Baghdadi, Riyadh and Merouani, Massinissa and Leghettas, Mohammed-Hichman and Abdous, Kamel and Arbaoui, Taha and Benatchba, Karima and Amarasinghe, Saman},
  title = {{A Deep Learning Based Cost Model for Automatic Code Optimization}},
  booktitle = {{Proceedings of the 4th International Conference on Machine Learning and Computer Systems (MLSys'21)}},
  year = 2021,
  editor = {Smola, A. and Dimakis, A. and Stoica, Ion},
  pages = {181--193},
  address = {San Jos\'e, CA, USA},
  organization = {},
  publisher = {},
  volume = {},
  number = {},
  series = {},
  month = {},
  note = {}
}

@INPROCEEDINGS{Mou16,
  author = {Mou, Lili and Li, Ge and Zhang, Lu and Wang, Tao and Jin, Zhi},
  title = {{Convolutional Neural Networks over Tree Structures for Programming Language Processing}},
  booktitle = {{Proceedings of the 30th Conference on Artificial Intelligence (AAAI'16)}},
  year = 2016,
  editor = {},
  pages = {1287--1293},
  address = {Phoenix, AZ, USA},
  organization = {},
  publisher = {AAAI},
  volume = {},
  number = {},
  series = {},
  month = feb,
  note = {}
}

@INPROCEEDINGS{Nair10,
  author = {Nair, Vinod and Hinton, Geoffrey E.},
  title = {{Rectified Linear Units Improve Restricted Boltzmann Machines}},
  booktitle = {{Proceedings of the 27th International Conference on International Conference on Machine Learning (ICML'10)}},
  year = 2010,
  editor = {F\"urnkranz, Johannes and Joachims, Thorsten},
  pages = {807--814},
  address = {Haifa, Israel},
  organization = {},
  publisher = {Omnipress},
  volume = {},
  number = {},
  series = {},
  month = jun,
  note = {}
}

@ARTICLE{Puri21,
  author = {Puri, Ruchir and Kung, David S. and Jansse, Geert and Zhang, Wei and Domeniconi, Giacomo and Zolotov, Vladimir and Dolby, Julian and Chen, Jie and Choundhury, Mihir and Decker, Lindsey and Thost, Veronika and Buratti, Luca and Pujar, Saurabh and Ramji, Shyam and Finkler, Ulrich and Malaika, Susan and Reiss, Frederick},
  title = {{CodeNet: A Large-Scale AI for Code Dataset for Learning a Diversity of Coding Tasks}},
  journal = {{ArXiv e-prints}},
  publisher = {},
  year = 2021,
  volume = {arxiv:2105.12655v2},
  number = {},
  pages = {},
  month = aug,
  note = {}
}

@INPROCEEDINGS{Raychev15,
  author = {Raychev, Vaselin and Vechev, Martin and Krause, Andreas},
  title = {{Predicting Program Properties from ``Big Code''}},
  booktitle = {{Proceedings of the 42nd AnnualSymposium on Principles of Programming Languages (PoPL'15)}},
  year = 2015,
  editor = {Walker, David},
  pages = {111--124},
  address = {Mumbai, India},
  organization = {},
  publisher = {ACM},
  volume = {},
  number = {},
  series = {},
  month = jan,
  note = {}
}

@INPROCEEDINGS{Snoek12,
  author = {Snoek, Jasper and Larochelle, Hugo and Adams, Ryan P.},
  title = {{Practical Bayesian Optimization of Machine Learning Algorithms}},
  booktitle = {{Proceedings of the 25th International Conference on Neural Information Processing Systems (NIPS'12)}},
  year = 2012,
  editor = {Pereira, Fernando and Burges, Christopher J. C. and Bottou, L\'eon and Weinberger, Killian Q.},
  pages = {},
  address = {Lake Tahoe, USA},
  organization = {},
  publisher = {},
  volume = {},
  number = {},
  series = {},
  month = dec,
  note = {}
}

@ARTICLE{Srivastava14,
  author = {Srivastava, Nitish and Hinton, Geoffrey and Krizhevsky, Alex and Sutskever, Ilya and Salakhutdinov, Ruslan},
  title = {{Dropout: A Simple Way to Prevent Neural Networks from Overfitting}},
  journal = {{Journal of Machine Learning Research}},
  publisher = {JMLR},
  year = 2014,
  volume = 15,
  number = 56,
  pages = {1929--1958},
  month = {},
  note = {}
}

@ARTICLE{Stock12,
  author = {Stock, Kevin and Pouchet, Louis-No\"el and Sadayappan, P.},
  title = {{Using Machine Learning to Improve Automatic Vectorization}},
  journal = {{ACM Transactions on Architecture and Code Optimization}},
  publisher = {ACM},
  year = {2012},
  volume = 8,
  number = 4,
  pages = {50:1--50:23},
  month = jan,
  note = {}
}

@ARTICLE{Trofin21,
  author = {Trofin, Micea and Qian, Yunsi and Brevdo, Eugene and Lin, Zinan and Choromanski, Krzysztof and Li, David},
  title = {{MLGO: A Machine Learning Guided Compiler Optimizations Framework}},
  journal = {{ArXiv e-prints}},
  publisher = {},
  year = 2021,
  volume = {arxiv:2101.04808v1},
  number = {},
  pages = {},
  month = jan,
  note = {}
}

@ARTICLE{Velickovic18,
  author = {Veli\v{c}kovi\'c, Petar and Cucurull, Guillem and Casanova, Arantxa and Romero, Adriana and Li\`o, Pietro and Bengio, Yoshua},
  title = {{Graph Attention Networks}},
  journal = {{ArXiv e-prints}},
  publisher = {},
  year = 2018,
  volume = {arxiv:1710.10903v3},
  number = {},
  pages = {},
  month = feb,
  note = {}
}

@ARTICLE{Venkatakeerthy20,
  author = {Venkatakeerthy, S. and Aggarwal, Rohit and Jain, Shalini and Desarkar, Maunendra Sankar and Updrasta, Ramakrishna},
  title = {{IR2Vec: LLVM IR Based Scalable Program Embeddings}},
  journal = {{ACM Transactions on Architecture and Code Optimization}},
  publisher = {ACM},
  year = 2020,
  volume = 17,
  number = 4,
  pages = {32:1--32:27},
  month = dec,
  note = {}
}

@INPROCEEDINGS{Wang19,
  author = {Wang, Zikang and Li, Linjing and Li, Qiudan and Zeng, Daniel},
  title = {{Multimodal Data Enhanced Representation Learning for Knowledge Graphs}},
  booktitle = {{Procedings of the International Joint Conference on Neural Networks (IJCNN'19)}},
  year = 2019,
  editor = {},
  pages = {1--8},
  address = {Budapest, Hungary},
  organization = {},
  publisher = {IEEE},
  volume = {},
  number = {},
  series = {},
  month = jul,
  note = {}
}

@INPROCEEDINGS{White15,
  author = {White, Martin and Vendome, Christopher and Linares-V\'asquez, Mario and Poshyvanyk, Denys},
  title = {{Toward Deep Learning Software Repositories}},
  booktitle = {{Proceedings of the 12th Working Conference on Mining Software Repositories (MSR'15)}},
  year = 2015,
  editor = {Pinzger, Martin and Robbes, Romain},
  pages = {334--345},
  address = {Florence, Italy},
  organization = {},
  publisher = {ACM},
  volume = {},
  number = {},
  series = {},
  month = may,
  note = {}
}

@INPROCEEDINGS{Xu19,
  author = {Xu, Sihan and Zhang, Sen and Wang, Weijing and Cao, Xinya and Guo, Chenkai and Xu, Jing},
  title = {{Method Name Suggestion with Hierarchical and Attention Networks}},
  booktitle = {{Proceedings of the Workshop on Partial Evaluation and Program Manipulation (PEPM'19)}},
  year = 2019,
  editor = {Hermenegildo, Manuel and Igarashi, Atsushi},
  pages = {10--21},
  address = {Cascais, Portugal},
  organization = {},
  publisher = {ACM},
  volume = {},
  number = {},
  series = {},
  month = jan,
  note = {}
}

@ARTICLE{Xu19b,
  author = {Xu, Keyulu and Hu, Weihua and Leskovec, Jure and Jegelka, Stefanie},
  title = {{How Powerful Are Graph Neural Networks?}},
  journal = {{ArXiv e-prints}},
  publisher = {},
  year = 2019,
  volume = {arxiv:1810.00826v3},
  number = {},
  pages = {},
  month = feb,
  note = {}
}

@INPROCEEDINGS{Bergstra11,
  author = {Bergstra, James and Bardenet, R\'emi and Bengio, Yoshua and K\'egi, Bal\'azs},
  title = {{Algorithms for Hyper-Parameter Optimiation}},
  booktitle = {{Proceedings of the 24th International Conference on Neural Information Processing Systems (NIPS'11)}},
  year = 2011,
  editor = {Shawe-Taylor, J. and Zemel, R. and Bartlett, P. and Pereira, Fernando and Weinberger, K.Q.},
  pages = {2546–2554},
  address = {Grenada, Spain},
  organization = {},
  publisher = {},
  volume = {},
  number = {},
  series = {},
  month = dec,
  note = {}
}

@INPROCEEDINGS{Haque20,
  author = {Haque, Sakib and LeClair, Alexander and Wu, Lingfei and McMillan, Collin},
  title = {{Improved Automatic Summarization of Subroutines Via Attention to File Context}},
  booktitle = {{Proceedings of the 17th International Conference on Mining Software Repositories (MSR'20)}},
  year = 2020,
  editor = {Gousios, Georgios and Nadi, Sarah},
  pages = {300-310},
  address = {Seoul, South Korea},
  organization = {},
  publisher = {ACM},
  volume = {},
  number = {},
  series = {},
  month = jun,
  note = {}
}

@INPROCEEDINGS{Huang22,
  author = {Huang, Tao and You, Shan and Wang, Fei and Qian, Chen and Xu, Chang},
  title = {{Knowledge Distillation from a Stronger Teacher}},
  booktitle = {{Processing of the 35th Conference on Neural Information Processing Systems (NeurIPS'22)}},
  year = 2022,
  editor = {Argawal, Alekh and Oh, Alice and Belgrave, Danielle and Cho, Kyunghyun},
  pages = {},
  address = {New Orleans, USA},
  organization = {},
  publisher = {Curran Associates, Inc.},
  volume = {},
  number = {},
  series = {},
  month = nov,
  note = {}
}

@INPROCEEDINGS{Jacob18,
  author = {Jacob, Beno{\^\i}t and Kligys, Skirmantas and Chen, Bo and Zhu, Menglong and Tang, Matthew and Howard, Andrew and Adam, Hartwig and Kalenichenko, Dmitry},
  title = {{Quantization and Training of Neural Networks for Efficient Integer-Arithmetic-Only Inference}},
  booktitle = {{Proceedings of the International Conference on Computer Vision and Pattern Recognition (CVPR'18)}},
  year = 2018,
  editor = {Forsyth, David and Laptev, Ivan and Oliva, Aude and Ramanan, Deva},
  pages = {2704--2713},
  address = {Salt Lake City, UT, USA},
  organization = {},
  publisher = {IEEE},
  volume = {},
  number = {},
  series = {},
  month = jun,
  note = {}
}

@INPROCEEDINGS{LeClair19,
  author = {LeClair, Alexander and McMillian, Collin},
  title = {{Recommendations for Datasets for Source Code Summarization}},
  booktitle = {{Proceedings of the Human Language Technology: Conference of the North American Chapter of the Association of Computational Linguistics (HLT-NAACL'19)}},
  year = 2019,
  editor = {Doran, Christy and Pedersen, Ted and Solorio, Thamar},
  pages = {},
  address = {Minneapolis, MN, USA},
  organization = {},
  publisher = {Association for Computational Linguistics},
  volume = {},
  number = {},
  series = {},
  month = jun,
  note = {Demonstrations}
}

@INPROCEEDINGS{Papineni02,
  author = {Papineni, Kishore and Roukos, Salim and Ward, Todd and Zhu, Wei-Jing},
  title = {{BLEU: A Method for Automatic Evaluation of Machine Translation}},
  booktitle = {{Proceedings of the 40th Annual Meeting on Association for Computational Linguistics (ACL'02)}},
  year = 2002,
  editor = {},
  pages = {311--318},
  address = {Philadelphia, USA},
  organization = {},
  publisher = {Association for Computational Linguistics},
  volume = {},
  number = {},
  series = {},
  month = jul,
  note = {}
}

@ARTICLE{Raffel20,
  author = {Raffel, Colin and Shazeer, Noam and Roberts, Adam and Lee, Katherine and Narang, Sharan and Matena, Michael and Zou, Yanqi and Li, Wei and Liu, Peter J.},
  title = {{Exploring the Limits of Transfer Learning with a Unified Text-to-Text Transformer}},
  journal = {{Journal of Machine Learning Research}},
  publisher = {JMLR},
  year = 2020,
  volume = 21,
  number = 1,
  pages = {5485–5551},
  month = jan,
  note = {}
}

@INPROCEEDINGS{Sennrich16,
  author = {Sennrich, Rico and Haddow, Barry and Birch, Alexandra},
  title = {{Neural Machine Translation of Rare Words with Subword Units}},
  booktitle = {{Proceedings of the 54th Annual Meeting of the Association for Computational Linguistics (ACL'16)}},
  year = 2016,
  editor = {Erk, Katrin and Smith, Noah A.},
  pages = {1715--1725},
  address = {Berlin, Germany},
  organization = {},
  publisher = {Association for Computational Linguistics},
  volume = {},
  number = {},
  series = {},
  month = aug,
  note = {}
}

@ARTICLE{Liu20b,
  author = {Liu, Qi and Kusner, Matt J. and Blunsom, Phil},
  title = {{A Survey on Contextual Embeddings}},
  journal = {{ArXiv e-prints}},
  publisher = {},
  year = 2020,
  volume = {arxiv:2003.07278v2},
  number = {},
  pages = {},
  month = apr,
  note = {}
}
