@BOOK{Stallings96,
   author = {Stallings William},
   title = {{SNMP, SNMPV2 and RMON-Pratical Network Management}},
   volume = {},
   series = {},
   publisher = {Addison Wesley},
   address = {},
   edition = {2nd},
   month = {},
   year = {1996},
   note = {},
}    
