@ARTICLE{Bluetooth01,
  author = {{Bluetooth SIG}},
  title = {{Specification of the Bluetooth System Version 1.1}},
  year = 2001,
  month = feb,
  journal = {Core, Specification Volume 1},
  note = {Available at \url{http://www.bluetooth.org}}
}

@BOOK{DePricker95,
   author = {Martin De Pricker},
   title = {{Asynchronous Transfer Mode, Solutions for Broadband ISDN}},
   volume = {},
   series = {},
   publisher = {Prentice Hall},
   address = {},
   edition = {3rd},   
   month = aug,
   year = 1995,
   note = {},
}    

@ARTICLE{Gerstel96,
 author = {Ornan Gerstel and Israel Cidon and Shmuel Zaks}, 
 title = {{Optimal Virtual Path in ATM Networks with Shared Routing Table Switches}},
 journal = {Chicago Journal of Theoretical Computer Science},
 year = 1996,
 volume = {},
 number = {},
 pages = {},
 month = oct,
 note = {}
}

@INPROCEEDINGS{Gerstel94,
 author = {Ornan Gerstel and Shmuel Zaks}, 
 title = {{The Virtual Path Layout Problem in Fast Networks}},
 editor = {},
 booktitle = {Proceedings of the 13th ACM Symposium on Principles of Distributed Computing},
 number = {},
 series = {},
 year = 1994,
 address = {Los Angeles, USA},
 organization = {},
 publisher = {}, 
 pages = {235-243},
 month = aug,
 note = {}
}

@TECHREPORT{Tricot94,
 author = {S. Tricot}, 
 title = {{A Polynomial Time Algorithm for the Minimum Diameter Spanning Tree Problem}},
 institution = {Institute Blaise Pascal, MASI laboratory, Universit\'e Paris VI},
 type = {technical report},
 number = {},
 address = {},
 year = 1994,
 month = {},
 note = {}
}

@ARTICLE{Saksena89,
 author = {Vikram R. Saksena}, 
 title = {{Topological Analysis of Packet Networks}},
 journal = {IEEE Journal on Sel. Areas in Communications},
 year = 1989,
 volume = 7,
 number = 8,
 pages = {},
 month = oct,
 note = {}
}

@INPROCEEDINGS{Roxborough97,
 author = {Tom Roxborough and Arunabha Sen}, 
 title = {{Graph Clustering Using Multiway Ratio Cut}},
 editor = {},
 booktitle = {Proceedings of Symposium on Graph Drawing (GD'97)},
 number = {},
 series = {},
 year = 1997,
 address = {Berlin},
 organization = {},
 publisher = {}, 
 pages = {291-296},
 month = {},
 note = {}
}

@INCOLLECTION{Stein99,
   author = {Benno Stein and Oliver Niggemann}, 
   title = {{On the Nature of Structure and Its Identification}},
   editor = {},
   booktitle = {{}},
   volume = {},
   series = {LNCS 1665},
   publisher = {Springer},
   address = {},
   edition = {},
   month = {},
   year = 1999,
   type = {},
   chapter = {},
   pages = {122-134},
   note = {},
}

@MISC{Cheriyan98,
   author = {Joseph Cheriyan and Ram Ravi},
   title = {{Lecture Notes on Approximation Algorithms for Network Problems}},
   month = sep,
   year = 1998,
   note = {Available at \url{http://www.math.uwaterloo.ca/~jcheriya/lecnotes.html}},
}    

@MISC{Fekete99,
   author = {S\'andor P. Fekete and Henk Meijer}, 
   title = {{On Minimum Stars, Minimum Steiner Stars and Minimum Matchings}},
   howpublished = {},
   month = {},
   year = 1999,
   pages = {},
   note = {ACM},
}
