@ARTICLE{Gutknecht86,
  author = {Gutknecht, J\"urg},
  title = {{Separate Compilation in Modula-2: An Approach to Efficient Symbol Files}},
  journal = {{IEEE Software}},
  year = 1986,
  volume = 3,
  number = 6,
  pages = {29--38},
  month = nov,
  note = {}
}

@INPROCEEDINGS{Bracha90,
  author = {Bracha, Gilad and Cook, William},
  title = {{Mixin-Based Inheritance}},
  booktitle = {{Proceedings of the European Conference on Object-Oriented Programming on Object-Oriented Programming Systems, Languages, and Applications (OOPSLA/ECOOP'90)}},
  year = 1990,
  editor = {Yonezawa, Akinori},
  pages = {303--311},
  address = {Ottawa, Canada},
  organization = {},
  publisher = {ACM},
  volume = {},
  number = {},
  series = {},
  month = oct,
  note = {}
}

@INPROCEEDINGS{Flatt98,
  author = {Flatt, Matthew and Krishnamurthi, Shriram and Felleisen, Matthias},
  title = {{Classes and Mixins}},
  editor = {MacQueen, David B. and Cardelli, Luca},
  booktitle = {{Proceedings of the 25th ACM SIGPLAN-SIGACT Symposium on Principles of Programming Languages (PoPL'98)}},
  number = {},
  series = {},
  year = 1998,
  address = {},
  organization = {},
  publisher = {ACM},
  pages = {171--183},
  month = jan,
  note = {}
}

@BOOK{Gosling14,
  author = {Gosling, James and Joy, Bill and Steele, Jr, Guy L. and Bracha, Gilad and Buckley, Alex},
  editor = {},
  title = {{The Java Language Specification, Java SE 8 Edition}},
  publisher = {Pearson Education},
  year = 2014,
  address = {},
  edition = {},
  volume = {},
  number = {},
  series = {},
  month = jun,
  note = {}
}

@BOOK{Parlog19,
  author = {Parlog, Nicolai},
  editor = {},
  title = {{The Java Module System}},
  publisher = {Manning},
  year = 2019,
  address = {},
  edition = {},
  volume = {},
  number = {},
  series = {},
  month = mar,
  note = {}
}

@BOOK{Mak17,
  author = {Mak, Sander and Bakker, Paul},
  editor = {},
  title = {{Java 9 Modularity: Patterns and Practices for Developing Maintainable Applications }},
  publisher = {O'Reilly},
  year = 2017,
  address = {},
  edition = {},
  volume = {},
  number = {},
  series = {},
  month = sep,
  note = {}
}


@BOOK{Pollack12,
  author = {Pollack, Mark and Gierke, Oliver and Risberg, Thomas and Brisbin, Jon and Hunger, Michael},
  editor = {},
  title = {{Spring Data}},
  publisher = {{O'Reilly Media, Incorporated}},
  year = 2012,
  address = {},
  edition = {},
  volume = {},
  number = {},
  series = {},
  month = oct,
  note = {}
}


@BOOK{Dea14,
  author = {Dea, Carl and Heckler, Mark and Grunwald, Gerrit and Pereda, Jos\'e and Phillips, Sean},
  editor = {},
  title = {{JavaFX 8: Introduction by Example}},
  publisher = {{Apress}},
  year = 2014,
  address = {},
  edition = {},
  volume = {},
  number = {},
  series = {},
  month = jun,
  note = {}
}


@BOOK{Shaughnessy13,
  author = {Shaughnessy, Pat},
  editor = {},
  title = {{Ruby under a Microscope: An Illustrated Guide to Ruby Internals}},
  publisher = {{No Starch Press, Incorporated}},
  year = 2013,
  address = {},
  edition = {},
  volume = {},
  number = {},
  series = {},
  month = nov,
  note = {}
}

@INPROCEEDINGS{Stadler09,
  author = {Stadler, Lukas and Wimmer, Christian and W\"urthinger, Thomas and M\"ossenb\"ock, Haspeter and Rose, John},
  title = {{Lazy Continuations for Java Virtual Machines}},
  booktitle = {{Proceedings of the 7th International Symposium on Principles and Practice of Programming in Java (PPPJ'09)}},
  year = 2009,
  editor = {Probst, Christian W.},
  pages = {143--152},
  address = {Calgary, Alberta, Canada},
  organization = {},
  publisher = {ACM},
  volume = {},
  number = {},
  series = {},
  month = aug,
  note = {}
}

@INPROCEEDINGS{Chiba07,
  author = {Chiba, Yuji},
  title = {{Redundant Boxing Elimination by a Dynamic Compiler for Java}},
  booktitle = {{Proceedings of the 5th International Symposium on Principles and Practice of Programming in Java (PPPJ'07)}},
  year = 2007,
  editor = {Amaral, Vasco},
  pages = {215--220},
  address = {Lisbon. Portugal},
  organization = {},
  publisher = {ACM},
  volume = {},
  number = {},
  series = {},
  month = sep,
  note = {}
}

@INPROCEEDINGS{Wimmer13,
author = {Wimmer, Christian and Brunthaler, Stefan},
title = {{ZipPy on Truffle: A Fast and Simple Implementation of Python}},
booktitle = {{Proceedings Companion of the Conference on Systems, Programming, \& Applications: Software for Humanity (SPLASH'13)}},
year = 2013,
editor = {Hosking, Antony and Eugster, Patrick},
pages = {17--18},
address = {Indianapolis, IN, USA},
organization = {},
publisher = {ACM},
volume = {},
number = {},
series = {},
month = oct,
note = {}
}

@INPROCEEDINGS{Wurthinger13,
  author = {W\"urthinger, Thomas and Wimmer, Christian and Wo{\ss}, Andreas and Stadler, Lukas and Duboscq, Gilles and Humer, Christian and Richards, Gregor and Simon, Doug and Wolczko, Mario},
  title = {{One VM to Rule Them All}},
  booktitle = {{Proceedings of the 2013 ACM International Symposium on New Ideas, New Paradigms, and Reflections on Programming \& Software (Onward!'13)}},
  year = 2013,
  editor = {Hirschfeld, Robert},
  pages = {187--204},
  address = {Indianapolis, IN, USA},
  organization = {ACM},
  publisher = {},
  volume = {},
  number = {},
  series = {},
  month = oct,
  note = {}
}

@INPROCEEDINGS{Zenger05,
  author = {Zenger, Mathias and Odersky, Martin},
  title = {{Independently Extensible Solutions to the Expression Problem}},
  booktitle = {{Proceedings of the 12th International Workshop on Foundations of Object-Oriented Languages (FOOL'12)}},
  year = 2005,
  editor = {},
  pages = {},
  address = {Long Beach, CA, USA},
  organization = {},
  publisher = {},
  volume = {},
  number = {},
  series = {},
  month = jan,
  note = {}
}

@BOOK{Black12,
  author = {Black, Andrew P. and Ducasse, St\'ephane and Nierstrasz, Oscar and Cassou, Damien},
  editor = {},
  title = {{Pharo by Example}},
  publisher = {Open Press},
  year = 2012,
  address = {},
  edition = {},
  volume = 2,
  number = {},
  series = {},
  month = {},
  note = {}
}

@BOOK{Watters96,
  author = {Watters, Aaron and van Rossum, guido and Ahlstrom, James C.},
  editor = {},
  title = {{Internet Programming with Python}},
  publisher = {{MIS Press/Henry Holt publishers}},
  year = 1996,
  address = {},
  edition = {},
  volume = {},
  number = {},
  series = {},
  month = sep,
  note = {}
}

@MISC{Wadler98,
  author = {Wadler, Philip},
  title = {{The Expression Problem}},
  howpublished = {Java Genericity Mailing List},
  month = nov,
  year = 1998,
  note = {}
}

@INPROCEEDINGS{Torgersen04,
  author = {Torgersen, Mads},
  title = {{The Expression Problem Revisited}},
  booktitle = {{Proceedings of the 18\textsuperscript{th} European Conference on Object-Oriented Programming (ECOOP'04)}},
  year = 2004,
  editor = {Odersky, Martin},
  pages = {123-143},
  address = {Oslo, Norway},
  organization = {},
  publisher = {Springer},
  volume = {},
  number = {},
  series = {},
  month = jun,
  note = {}
}

@INPROCEEDINGS{Rompf10,
  author = {Rompf, Tiark and Odersky, Martin},
  title = {{Lightweight Modular Staging: A Pragmatic Approach to Runtime Code Generation and Compiled DSLs}},
  booktitle = {{Proceedings of the 9\textsuperscript{th} International Conference on Generative Programming and Component Engineering (GPCE'10)}},
  year = 2010,
  editor = {},
  pages = {127-136},
  address = {Eindhoven, The Netherlands},
  organization = {},
  publisher = {ACM Press},
  volume = {},
  number = {},
  series = {},
  month = oct,
  note = {}
}

@INPROCEEDINGS{Oliveira09,
  author = {Oliveira, Bruno C. d. S.},
  title = {{Modular Visitor Components: A Practical Solution to the Expression Families Problem}},
  booktitle = {{Proceedings of the 23\textsuperscript{rd} European Conference on Object-Oriented Programming (ECOOP'09)}},
  year = 2009,
  editor = {Drossopoulou, Sophia},
  pages = {269-293},
  address = {Genoa, Italy},
  organization = {},
  publisher = {Springer},
  volume = {},
  number = {},
  series = {Lecture Notes in Computer Science 5653},
  month = jul,
  note = {}
}

@INPROCEEDINGS{Odersky05,
  author = {Odersky, Martin and Zenger, Matthias},
  title = {{Scalable Component Abstractions}},
  booktitle = {{Proceedings of 19\textsuperscript{th} ACM International Conference on Object-Oriented Programming Systems, Languages and Applications (OOPSLA'05)}},
  year = 2005,
  editor = {Gabriel, Richard P.},
  pages = {41-57},
  address = {San Diego, CA, USA},
  organization = {},
  publisher = {ACM Press},
  volume = {},
  number = {},
  series = {},
  month = oct,
  note = {}
}

@BOOK{Chaturvedi09,
  author = {Chaturvedi, Shalabh},
  editor = {},
  title = {{Python Attributes and Objects}},
  publisher = {},
  year = 2009,
  address = {},
  edition = {},
  volume = {},
  number = {},
  series = {},
  month = {},
  note = {Available at \url{http://www.cafepy.com/article/python_attributes_and_methods/}}
}

@INCOLLECTION{Mertz-13,
  author = {Mertz, David},
  title = {{Functional Programming in Python}},
  booktitle = {Charming Python},
  publisher = {},
  year = 2001,
  chapter = 13,
  pages = {},
  address = {},
  editor = {},
  volume = {},
  number = {},
  series = {},
  type = {},
  edition = {},
  month = jan,
  note = {Available at \url{http://gnosis.cx/publish/programming/charming_python_13.txt}}
}

@BOOK{Pilgrim09,
  author = {Pilgrim, Mark},
  editor = {},
  title = {{Dive into Python 3}},
  publisher = {{Apress*}},
  year = 2009,
  address = {},
  edition = {},
  volume = {},
  number = {},
  series = {},
  month = {},
  note = {}
}

@BOOK{Campbell09,
  author = {Campbell, Jennifer and Gries, Paul and Montojo, Jason and Wilson, Greg},
  editor = {},
  title = {{Practical Programming: An Introduction to Computer Science Using Python}},
  publisher = {{The Pragmatic Bookshelf}},
  year = 2009,
  address = {},
  edition = {second},
  volume = {},
  number = {},
  series = {},
  month = {},
  note = {}
}

@BOOK{Goldberg95,
  author = {Goldberg, Adele and Rubin, Kenneth S.},
  editor = {},
  title = {{Succeeding With Objects: Decision Frameworks for Project Management}},
  publisher = {Addison-Wesley},
  year = 1995,
  address = {},
  edition = {},
  volume = {},
  number = {},
  series = {},
  month = {},
  note = {}
}

@BOOK{Summerfield09,
  author = {Summerfield, Mark},
  editor = {},
  title = {{Programming in Python 3: A Complete Introduction to the Python Language}},
  publisher = {{Addison-Wesley}},
  year = 2009,
  address = {},
  edition = {},
  volume = {},
  number = {},
  series = {},
  month = oct,
  note = {}
}

@BOOK{Lutz09,
  author = {Lutz, Mark},
  editor = {},
  title = {{Learning Python}},
  publisher = {O'Reilly},
  year = 2009,
  address = {},
  edition = {fourth},
  volume = {},
  number = {},
  series = {},
  month = nov,
  note = {}
}

@BOOK{Lutz07,
  author = {Lutz, Mark},
  editor = {},
  title = {{Learning Python}},
  publisher = {O'Reilly},
  year = 2007,
  address = {},
  edition = {third},
  volume = {},
  number = {},
  series = {},
  month = nov,
  note = {}
}

@ARTICLE{Ierusalimschy96,
  author = {Ierusalimschy, Roberto and de Figueiredo, Luiz Henrique and Celes Filho, Waldemar},
  title = {{Lua|an Extensible Extension Language}},
  journal = {{Software|Practice and Experience}},
  year = 1996,
  volume = 26,
  number = 6,
  pages = {635-652},
  month = {},
  note = {}
}

@BOOK{Ierusalimschy06,
  author = {Ierusalimschy, Roberto},
  editor = {},
  title = {{Programming in Lua}},
  publisher = {{Lua.org}},
  year = 2006,
  address = {},
  edition = {second},
  volume = {},
  number = {},
  series = {},
  month = mar,
  note = {}
}

@ARTICLE{Ierusalimschy18,
  author = {Ierusalimschy, Roberto and de Figueiredo, Luiz Henrique and Celes Filho, Waldemar},
  title = {{A Look at the Design of Lua}},
  journal = cacm,
  publisher = {ACN},
  year = 2018,
  volume = 61,
  number = 11,
  pages = {114--123},
  month = nov,
  note = {}
}

@INPROCEEDINGS{Orlikowski02,
  author = {Orlikowski, Vistor J.},
  title = {{An Introduction to the Bean Scripting Framework}},
  booktitle = {{Proceedings of ApacheCon US 2002}},
  year = 2002,
  editor = {},
  pages = {},
  address = {Las Vegas, Nevada, USA},
  organization = {},
  publisher = {},
  volume = {},
  number = {},
  series = {},
  month = nov,
  note = {}
}

@ARTICLE{Campbell03,
  author = {Campbell, Charles E. and Eisenberg, Andrew and Melton, Jim},
  title = {{XML Schema}},
  journal = {{SIGMOD Record}},
  year = 2003,
  volume = 32,
  number = 2,
  pages = {96-101},
  month = sep,
  note = {}
}

@INPROCEEDINGS{Bergel05,
  author={Bergel, Alexandre and Ducasse, St\'ephane and Nierstrasz, Oscar},
  title= {{Classbox/J: Controlling the Scope of Change in Java}},
  booktitle={Proceedings of ACM OOPSLA 2005},
  year=2005
}

@INPROCEEDINGS{Bracha04b,
  author= {Gilad Bracha},
  title= {{Pluggable Type Systems}},
  booktitle={{Proceedings of ACM OOPSLA'04 Workshop on Revival of Dynamic Languages}},
  month=oct,
  year=2004
}

@BOOK{Archer02,
   author = {Tom Archer and Andrew Whitechapel},
   title = {{Inside \textsf{C\#}}},
   publisher = {Microsoft Press},
   address = {},
   edition = {second},
   month = {},
   isbn = {},
   year = 2002,
   note = {}
}

@BOOK{McLaughlin04,
   author = {McLaughlin, Brett and Flanagan, David},
   title = {{Java 1.5 Tiger: A Developer's Notebook}},
   publisher = {O'Reilly},
   address = {},
   edition = {},
   month = jun,
   isbn = {},
   year = 2004,
   note = {}
}

@BOOK{Robinson01,
   author = {Simon Robinson and Ollie Cornes and Jay Glynn and Burton Harvey and Craig McQueen and Jerod Moemeka and Christian Nagel and Morgan Skinner and Karli Watson},
   title = {{Professional C\#}},
   publisher = {Wrox Press},
   address = {},
   edition = {},
   month = {},
   isbn = {},
   year = 2001,
   note = {}
}

@BOOK{Thomas01,
   author = {David Thomas and Andrew Hunt},
   title = {{Programming Ruby: The Pragmatic Programmer's Guide}},
   publisher = {Addison-Wesley},
   address = {},
   edition = {},
   month = {},
   isbn = {ISBN 0-201-71089-7},
   year = 2001,
   note = {}
}

@BOOK{Matsumoto02,
   author = {Yukihiro Matsumoto},
   title = {{Ruby in a Nutshell: A Desktop Quick Reference}},
   publisher = {O'Reilly \& Associates, Inc.},
   address = {},
   edition = {},
   month = {},
   isbn = {ISBN 0-596-00214-9},
   year = 2002,
   note = {}
}

@MISC{W3C-SOAP00,
  author = {Don Box and David Ehnebuske and Gopal Kakivaya and Andrew Layman and Noah Mendelsohn and Frystyk Nielsen, Henrik and Satish Thatte and Dave Winer},
  title = {{Simple Object Access Protocol (\textsf{SOAP}) 1.1}},
  howpublished = {W3C Recommendation available at \url{http://www.w3.org/TR/SOAP}},
  editor = {},
  month = may,
  year = 2000,
  pages = {}
}

@MISC{W3C-WSDL01,
  author = {Erik Christensen and Francisco Curbera and Greg Meredith and Sanjiva Weerawarana},
  title = {{Web Services Description Language (WSDL) 1.1}},
  howpublished = {W3C Recommendation available at \url{http://www.w3.org/TR/wsdl}},
  editor = {},
  month = mar,
  year = 2001,
  pages = {}
}

@MISC{W3C-XML98,
  author = {{World~Wide~Web~Consortium}},
  title = {{Extensible Markup Language (XML) 1.0}},
  howpublished = {W3C Recommendation available at \url{http://www.w3.org/TR/REC-xml}},
  editor = {Tim Bray and Jean Paoli and C. M. {Sperberg-McQueen} and Eve Maler},
  month = feb,
  year = 1998,
  pages = {}
}

@MISC{W3C-XPoint03,
  author = {{World~Wide~Web~Consortium}},
  title = {{XPointer Framework}},
  howpublished = {W3C Recommendation available at \url{http://www.w3.org/TR/xptr-framework/}},
  editor = {Paul Grosso, Eve Maler, Jonathan Marsh and Norman Walsh},
  month = mar,
  year = 2003,
  pages = {}
}

@MISC{W3C-XLink01,
  author = {{World~Wide~Web~Consortium}},
  title = {{XML Linking Language (XLink) Version 1.0}},
  howpublished = {W3C Recommendation available at \url{http://www.w3.org/TR/xlink/}},
  editor = {Steve De Rose, Eve Maler and David Orchard},
  month = jun,
  year = 2001,
  pages = {}
}

@MISC{OMG-XMI02,
  author = {{OMG}},
  title = {{OMG-XML Metadata Interchange (XMI) Specification, v1.2}},
  howpublished = {OMG Modeling and Metadata Specifications available at \url{http://www.omg.org}},
  editor = {},
  month = jan,
  year = 2002,
  pages = {}
}

@MISC{W3C-XSL01,
  author = {Sharon Adler and Anders Berglund and Jeff Caruso and Stephen Deach and Tony Graham and Paul Grosso and Eduardo Gutentag and Alex Milowski and Scott Parnell and Jeremy Richman and Steve Zilles},
  title = {{Extensible Stylesheet Language (XSL) 1.0}},
  howpublished = {W3C Recommendation available at \url{http://www.w3.org/TR/xsl/}},
  month = oct,
  year = 2001,
  pages = {}
}

@BOOK{Keene89,
   author = {Keene, Sonya E.},
   title = {{Object-Oriented Programming in \textsf{Common Lisp}}},
   volume = {},
   series = {},
   publisher = {Addison-Wesley},
   address = {Reading, Massachusetts},
   edition = {},
   month = {},
   year = 1989,
   note = {},
}

@BOOK{Wirth92,
   author = {Niklaus Wirth and Martin Reiser},
   title = {{Programming in \textsf{Oberon} - Steps Beyond \textsf{Pascal} and \textsf{Modula}}},
   volume = {},
   series = {},
   publisher = {Addison-Wesley},
   address = {Reading, Massachusetts},
   edition = {},
   pages = {},
   month = {},
   year = 1992,
   note = {},
}

@BOOK{Mossenbock95,
   author = {Hanspeter M{\"o}ssenb{\"o}ck},
   title = {{Object-Oriented Programming in \textsf{Oberon-2}}},
   volume = {},
   series = {},
   publisher = {Springer Verlag},
   address = {},
   edition = {second},
   pages = 278,
   month = {},
   year = 1995,
   note = {},
}

@INPROCEEDINGS{Borning82,
  author = {Borning, Alan H. and Ingalls, Daniel H. H.},
  title = {{Multiple Inheritance in Smalltalk-80}},
  pages = {234--237},
  booktitle = {Proceedings of the National Conference on Artificial Intelligence (AAI82)},
  year = 1982,
  address = {Pittsburgh, Pennsylvania},
  month = aug
}

@ARTICLE{Singh95,
  author = {Ghan Bir Singh},
  title = {{Single Versus Multiple Inheritance in Object-Oriented Programming}},
  journal = {OOPS Messenger},
  year = 1995,
  volume = 6,
  number = 1,
  pages = {30-39},
  month = jan
}

@ARTICLE{Gong98,
  author = {Li Gong},
  title = {{Secure Java Class Loading}},
  journal = {Internet Computing On-Line},
  year = 1998,
  volume = 2,
  number = 6,
  pages = {56-61},
  month = dec
}

@INPROCEEDINGS{Snyder86,
  author = {Alan Snyder},
  title = {{Encapsulation and Inheritance in Object-Oriented Programming Languages}},
  booktitle = {Proceedings of OOPSLA{86}},
  year = 1986,
  organization = {ACM},
 address = {Portland, Oregon},
  annote = {},
  month = oct,
  volume = 21,
  series = {Sigplan Notices}
}

@BOOK{Englander97,
   author = {Englander, Robert},
   title = {{Developing Java Beans}},
   volume = {},
   series = {},
   publisher = {O'Reilly},
   address = {},
   edition = {},
   month = {},
   year = 1997,
   note = {},
}

@BOOK{Liang99,
   author = {Sheng Liang},
   title = {{Java Native Interface: Programmer's Guide and Specification}},
   volume = {},
   series = {The Java Series ... from the Source},
   publisher = {Addison-Wesley},
   address = {Reading, Massachusetts},
   edition = {},
   month = jun,
   year = 1999,
   note = {},
}

@BOOK{Gordon98,
  author = {Gordon, Rob},
  editor = {},
  title = {{Essential JNI: Java Native Interface}},
  publisher = {Prentice-Hall, Inc.},
  year = 1998,
  address = {Upper Saddle River, NJ, USA},
  edition = {},
  volume = {},
  number = {},
  series = {},
  month = {},
  note = {}
}

@BOOK{Arnold97,
   author = {Ken Arnold and James Gosling},
   title = {{The Java Programming Language}},
   volume = {},
   series = {The Java Series ... from the Source},
   publisher = {Addison-Wesley},
   address = {Reading, Massachusetts},
   edition = {second},
   month = dec,
   year = 1997,
   note = {},
}

@ARTICLE{Steele99,
  author = {Steele, Jr, Guy L.},
  title = {{Growing a Language}},
  journal = {{Higher-Order and Symbolic Computation}},
  year = 1999,
  publisher = {Kluwer Academic Publisher},
  volume = 12,
  number = 3,
  pages = {221--236},
  month = oct,
  note = {}
}

@BOOK{Gosling96,
   author = {Gosling, James and Joy, Bill and Steele, Guy},
   title = {{The Java Language Specification}},
   volume = {},
   series = {The Java Series ... from the Source},
   publisher = {Addison-Wesley},
   address = {Reading, Massachusetts},
   edition = {},
   month = sep,
   year = 1996,
   note = {},
}

@BOOK{Gosling00,
   author = {Gosling, James and Joy, Bill and Steele, Guy and Bracha, Gilad},
   title = {{The Java Language Specification}},
   volume = {},
   series = {The Java Series ... from the Source},
   publisher = {Addison-Wesley},
   address = {Reading, Massachusetts},
   edition = {second},
   month = {},
   year = 2000,
   note = {},
}

@BOOK{Gosling05,
   author = {Gosling, James and Joy, Bill and Steele, Guy and Bracha, Gilad},
   title = {{The Java Language Specification}},
   volume = {},
   series = {The Java Series ... from the Source},
   publisher = {Addison-Wesley},
   address = {Reading, Massachusetts},
   edition = {third},
   month = {},
   year = 2005,
   note = {},
}

@BOOK{Gosling11,
  author = {Gosling, James and Joy, Bill and Steele, Guy and Bracha, Gilad and Buckley, Alex},
  editor = {},
  title = {{The Java Language Specification}},
  publisher = {Addison-Wesley},
  year = 2011,
  address = {Reading, MA, USA},
  edition = {seventh},
  volume = {},
  number = {},
  series = {{The Java Series ... from the Source}},
  month = jul,
  note = {}
}

@BOOK{Gosling13,
  author = {Gosling, James and Joy, Bill and Steele, Guy and Bracha, Gilad and Buckley, Alex},
  editor = {},
  title = {{The Java Language Specification, Java SE 7 Edition}},
  publisher = {Addison-Wesley},
  year = 2013,
  address = {Reading, MA, USA},
  edition = {},
  volume = {},
  number = {},
  series = {},
  month = feb,
  note = {}
}

@BOOK{Lindholm99,
   author = {Lindholm, Tim and Yellin, Frank},
   title = {{The Java Virtual Machine Specification}},
   volume = {},
   series = {The Java Series ... from the Source},
   publisher = {Addison-Wesley},
   address = {Reading, Massachusetts},
   edition = {second},
   month = {},
   year = 1999,
   note = {},
}

@BOOK{Mezini98,
   author = {Mira Mezini},
   title = {{Variational Object-Oriented Programming Beyond Classes and Inheritance}},
   volume = {},
   series = {},
   publisher = {Kluwer Academic Publisher},
   address = {},
   edition = {},
   month = {},
   year = 1998,
   isbn = "0-7923-8318-3",
   note = {},
}

@BOOK{Meyer94,
   author = {Bertrand Meyer},
   title = {{Eiffel: The Language}},
   volume = {},
   series = {},
   publisher = {Prentice-Hall},
   address = {},
   edition = {},
   month = {},
   year = 1994,
   note = {},
}

@BOOK{Meyer97,
  author = {Meyer, Bertrand},
  editor = {},
  title = {{Object-Oriented Software Construction}},
  publisher = {Prentice Hall},
  year = 1997,
  address = {},
  edition = {second},
  volume = {},
  number = {},
  series = {},
  month = {},
  note = {}
}

@BOOK{Liskov00,
  author = {Liskov, Barbara and Guttag, John},
  editor = {},
  title = {{Program Development in Java: Abstraction, Specification, and Object-Oriented Design}},
  publisher = {Addison-Wesley},
  year = 2000,
  address = {},
  edition = {},
  volume = {},
  number = {},
  series = {},
  month = {},
  note = {}
}

@BOOK{Goldberg83,
  author = {Adele Goldberg and David Robson},
  title = {{\smalltalk-80: The Language and Its Implementation}},
  publisher = {Addison-Wesley},
  address = {Reading, Massachusetts},
  edition = {},
  month = {},
  year = 1983,
}

@BOOK{Farley98,
  author = {Jim Farley},
  title = {{Java Distributed Computing}},
  volume = {},
  series = {The Java Series},
  publisher = {O'Reilly \& Associates, Inc.},
  address = {Sebastopol, California},
  edition = {first},
  month = jan,
  year = 1998,
  note = {},
}

@ARTICLE{Vines93,
 author = {Don Vines and Zen Kishimoto},
 title = {{\smalltalk's Run-Time Type Support for C++: Emulation of \smalltalk Typing in \cpp}},
 journal = {\cpp Report},
 year = 1993,
 volume = 5,
 number = 1,
 pages = {44-52},
 month = jan,
 note = {}
}

@INPROCEEDINGS{Briot89b,
 author = {Jean-Pierre Briot},
 title = {{Actalk: A Testbed for Classifying and Designing Actor Languages in the \smalltalk-80 Environment}},
 editor = {Steve Cook},
 booktitle = {Proceedings of \ecoop'89},
 number = {},
 series = {},
 year = 1989,
 address = {Nottingham},
 organization = {},
 publisher = {Cambridge University Press},
 pages = {109-129},
 month = jul,
 note = {}
}

@INPROCEEDINGS{Liang98,
 author = {Sheng Liang and Gilad Bracha},
 title = {{Dynamic Class Loading in the Java Virtual Machine}},
 editor = {},
 booktitle = {Proceedings of the 13th ACM SIGPLAN Conference on Object-Oriented Programming, Systems, Languages, and Applications (OOPSLA'98)},
 number = {},
 series = {},
 year = 1998,
 address = {Vancouver, British Columbia, Canada},
 organization = {},
 publisher = {ACM Press},
 pages = {36-44},
 month = oct,
 note = {}
}

@UNPUBLISHED{Rivest97,
  author = {Rivest, Ronald L.},
  title = {{S-Expressions}},
  note = {IETF Internet Draft},
  year = 1997,
  month = may
}

@INPROCEEDINGS{Wegner87,
 author = {Wegner, Peter},
 title = {{Dimensions of Object-Based Language Design}},
 booktitle = {{Proceedings of the 3\textsuperscript{rd} ACM SIGPLAN Conference on Object-Oriented Programming, Systems, Languages, and Applications (OOPSLA'87)}},
 year = 1987,
 editor = {Meyrowitz, Norman K.},
 pages = {168-182},
 address = {Orlando, FL, USA},
 organization = {},
 publisher = {},
 volume = {},
 number = {},
 series = {},
 month = oct,
 note = {}
}

@ARTICLE{Liskov77,
 author = {Liskov, Barbara and Snyder, Alan and Atkinson, Russell and Schaffert, Craig},
 title = {{Abstraction Mechanisms in CLU}},
 journal = cacm,
 year = 1977,
 volume = 20,
 number = 8,
 pages = {564--576},
 month = aug,
 note = {}
}

@INPROCEEDINGS{Clifton00,
  author = {Clifton, Curtis and Leavens, Gary T. and Chambers, Craig and Millstein, Todd},
  title = {{MultiJava: Modular Open Classes and Symmetric Multiple Dispatch for Java}},
  booktitle = {{Proceedings of the 15th ACM SIGPLAN Conference on Object-Oriented Programming, Systems, Languages, and Applications (OOPSLA'00)}},
  year = 2000,
  editor = {Lea, Doug},
  pages = {130--145},
  address = {Minneapolis, MN, USA},
  organization = {ACM},
  publisher = {},
  volume = {},
  number = {},
  series = {},
  month = oct,
  note = {}
}

@INPROCEEDINGS{Millstein04,
  author = {Millstein, Todd},
  title = {{Practical Predicate Dispatch}},
  booktitle = {{Proceedings of the 19th Annual ACM SIGPLAN Conference on Object-Oriented Programming, Systems, Languages, and Applications (OOPSLA'04)}},
  year = 2004,
  editor = {Schmidt, Doug},
  pages = {345--364},
  address = {Vancouver, BC, Canada},
  organization = {ACM},
  publisher = {},
  volume = {},
  number = {},
  series = {},
  month = oct,
  note = {}
}

@ARTICLE{Millstein09,
  author = {Millstein, Todd and Frost, Christopher and Ryder, Jason and Warth, Alessandro},
  title = {{Expressive and Modular Predicate Dispatch for Java}},
  journal = toplas,
  year = 2009,
  volume = 31,
  number = 2,
  pages = {},
  month = feb,
  note = {}
}

@INPROCEEDINGS{Frost06,
  author = {Frost, Christopher and Millstein, Todd},
  title = {{Modularly Typesafe Interface Dispatch in JPred}},
  booktitle = {{Proceedings of the International Workshop on Foundations and Developments of Object-Oriented Languages (FOOL/WOOD'06)}},
  year = 2006,
  editor = {},
  pages = {},
  address = {Charleston, South Carolina},
  organization = {},
  publisher = {},
  volume = {},
  number = {},
  series = {},
  month = jan,
  note = {}
}

@ARTICLE{Castagna95,
  author = {Castagna, Giuseppe},
  title = {{Covariance and Contravariance: Conflict without a Cause}},
  journal = toplas,
  publisher = {ACM},
  year = 1995,
  volume = 17,
  number = 3,
  pages = {431--447},
  month = may,
  note = {}
}

@INPROCEEDINGS{Holzle91,
  author = {H\"olzle, Urs and Chambers, Craig and Ungar, David},
  title = {{Optimizing Dynamically-Typed Object-Oriented Languages with Polymorphic Inline Caches}},
  booktitle = {{Proceedings of the 5th European Conference on Object-Oriented Programming (ECOOP'91)}},
  year = 1991,
  editor = {America, Pierre},
  pages = {21--38},
  address = {Geneve, Switzerland},
  organization = {},
  publisher = {Springer},
  volume = {},
  number = {},
  series = {Lecture Notes in Computer Science 512},
  month = jul,
  note = {}
}

@INPROCEEDINGS{Mastrangelo15,
  author = {Mastrangelo, Luis and Ponzanelli, Luca and Mocci, Andrea and Lanza, Michele and Hauswirth, Matthias and Nystrom, Nathaniel},
  title = {{Use at Your Own Risk: the Java Unsafe API in the Wild}},
  booktitle = {{Proceedings of the International Conference on Object-Oriented Programming, Systems, Languages, and Applications (OOPSLA'15)}},
  year = 2015,
  editor = {Eugster, Patrick},
  pages = {695--710},
  address = {Pittsburgh, PA, USA},
  organization = {},
  publisher = {},
  volume = {},
  number = {},
  series = {},
  month = oct,
  note = {}
}

@INPROCEEDINGS{Bobrow86,
  author = {Bobrow, Daniel G. and Kahn, Kenneth and Kiczales, Gregor and Masinter, Larry and Stefik, Mark and Zdybel, Frank},
  title = {{CommonLoops: Merging Lisp and Object-Oriented Programming}},
  booktitle = {{Proceedings of the 1st Annual Conference on Object-Oriented Programming Systems, Languages, and Applications (OOPSLA'86)}},
  year = 1986,
  editor = {Ingalls, Daniel},
  pages = {17--29},
  address = {Portland, OR, USA},
  organization = {ACM},
  publisher = {},
  volume = {},
  number = {},
  series = {},
  month = sep#"/"#oct,
  note = {}
}

@INPROCEEDINGS{Bobrow88,
  author = {Bobrow, Daniel G. and Kiczales, Gregor},
  title = {{The Common Lisp Object System Meta-Object Kernel: A Status Report}},
  booktitle = {{Proceedings of the 1988 ACM conference on LISP and functional programming (LFP'88)}},
  year = 1988,
  editor = {Chailloux, Jerome},
  pages = {309--315},
  address = {Snowbird, Utah, USA},
  organization = {},
  publisher = {},
  volume = {},
  number = {},
  series = {},
  month = jul,
  note = {}
}

@INPROCEEDINGS{DeMichiel87,
  author = {De Michiel, Linda and Gabriel, Richard P.},
  title = {{The Common Listp Object System: An Overview}},
  booktitle = {{Proceedings of the 1st European Conference on Object-Oriented Programming (ECOOP'87)}},
  year = 1987,
  editor = {B\'ezivin, Jean and Hullot, Jean-Marie and Cointe, Pierre and Lieberman, Henry},
  pages = {151--170},
  address = {Paris, France},
  organization = {},
  publisher = {Springer},
  volume = {},
  number = {},
  series = {Lecture Notes in Computer Science 276},
  month = jun,
  note = {}
}

@ARTICLE{Ressia14,
  author = {Ressia, Jorge and G{\^\i}rba, Tudor and Nierstrasz, Oscar and Perin, Fabrizio and Renggli, Lukas},
  title = {{Talents: An Environment for Dynamically Composing Units of Reuse}},
  journal = {{Journal of Software: Practice and Experience}},
  publisher = {Wiley and Son, ltd},
  year = 2014,
  volume = 44,
  number = 4,
  pages = {413--432},
  month = apr,
  note = {}
}

@BOOK{Flanagan05,
  author = {Flanagan, David},
  editor = {},
  title = {{Java in a Nutshell}},
  publisher = {O'Reilly Media},
  year = 2005,
  address = {},
  edition = {},
  volume = {},
  number = {},
  series = {},
  month = {},
  note = {}
}

@BOOK{Venners00,
  author = {Venners, Bill},
  editor = {Second Edition},
  title = {{Inside the Java Virtual Machine}},
  publisher = {McGraw-Hill},
  year = 2000,
  address = {},
  edition = {},
  volume = {},
  number = {},
  series = {},
  month = jan,
  note = {}
}

