@INPROCEEDINGS{Ancona95b,
 author = {Ancona, Massimo and Dodero, Gabriella and Gianuzzi, Vittoria and Clematis, Andrea and Lisboa, Lucia}, 
 title = {{Reflective architectures for reusable fault-tolerant software}},
 editor = {},
 booktitle = {Proceedings of 1\textsuperscript{st} Ibero American Microelectronics Conference},
 number = {},
 series = {},
 year = 1995,
 address = {Canela, Brazil},
 organization = {},
 publisher = {}, 
 pages = {},
 month = jul,
 note = {}
}

@INPROCEEDINGS{Fabre95,
 author = {Fabre, Jean-Charles and Nicomette, Vincent and P\'erennou, Tanguy and Stroud, Robert J. and Wu, Zhixue}, 
 title = {{Implementing Fault Tolerant Applications Using Reflective Object-Oriented Programming}},
 editor = {},
 booktitle = {Proceedings of FTCS-25 ``Silver Jubilee''},
 number = {},
 series = {},
 year = 1995,
 address = {Pasadena, CA USA},
 organization = {IEEE},
 publisher = {}, 
 pages = {},
 month = jun,
 note = {}
}

@INPROCEEDINGS{Lung99,
 author = {Lung, Lau Cheuk and da Silva Fraga, Joni and Maziero, Carlos Alberto}, 
 title = {{MetaFT-A Reflective Approach to Implement Replication Techniques in \textsf{CORBA}}},
 editor = {},
 booktitle = {Proceedings of the 19th International Conference of the Chilean Computer Science Society},
 number = {},
 series = {},
 year = 1999,
 address = {Talca, Chile},
 organization = {IEEE},
 publisher = {}, 
 pages = {25--34},
 month = nov,
 note = {}
}

@INPROCEEDINGS{Kasbekar98,
 author = {Kasbekar, Mangesh and Narayanan, Chandramouli and Das, Chita R.}, 
 title = {{Using Reflection for Checkpointing Concurrent Object Oriented Programs}},
 editor = {Shigeru Chiba and Jean-Charles Fabre},
 booktitle = {Proceedings of the OOPSLA Workshop on Reflection Programming in C++ and Java},
 number = {},
 series = {},
 year = 1998,
 address = {},
 organization = {},
 publisher = {}, 
 pages = {},
 month = oct,
 note = {}
}

@INPROCEEDINGS{Kasbekar99,
 author = {Kasbekar, Mangesh and Yajnik, Shalini and Klemm, Reinhard and Huang, Yennun and Das, Chita R.}, 
 title = {{Issues in the Design of a Reflective Checkpointing Library for C++}},
 editor = {},
 booktitle = {Proceedings of the 18\textsuperscript{th} IEEE Symposium on Reliable Distributed Systems},
 number = {},
 series = {},
 year = 1999,
 address = {Lausanne, Switzerland},
 organization = {},
 publisher = {}, 
 pages = {},
 month = oct,
 note = {}
}

@INPROCEEDINGS{Jalilian10,
 author = {Jalilian, Shahrokh and Kazimov, Tofig and Salar, Fatemeh},
 title = {{Using Reflection for Software Fault Tolerance}},
 booktitle = {{Proceedings of the 3\textsuperscript{rd} International Conference on Problems of Cybernetics and Informatics}},
 year = 2010,
 editor = {},
 pages = {},
 address = {Baku, Azerbaijan},
 organization = {},
 publisher = {},
 volume = {},
 number = {},
 series = {},
 month = sep,
 note = {}
}

