@INPROCEEDINGS{Mai01,
  author = {Mai, Yun and de Champlain, Michel},
  title = {{A Pattern Language to Visitors}},
  booktitle = {{Proceedings of the 8th Annual Conference on Pattern Languages of Programs (PLoP'01)}},
  year = 2001,
  editor = {Deugo, Dwight and Balaguer, Federico},
  pages = {},
  address = {Monticello, Illinois, USA},
  organization = {Addison-Wesley},
  publisher = {},
  volume = {},
  number = {},
  series = {},
  month = sep,
  note = {}
}

@INCOLLECTION{Woolf98,
  author = {Woolf, Bobby},
  title = {{Null Object}},
  booktitle = {{Pattern Languages of Program Design 3}},
  publisher = {{Addison-Wesley}},
  year = 1998,
  chapter = {},
  pages = {},
  address = {},
  editor = {Martin, Robert and Riehle, Dirk and Buschmann, Frank},
  volume = {},
  number = {},
  series = {},
  type = {},
  edition = {},
  month = {},
  note = {}
}

@BOOK{Lea96,
  author = {Lea, Doug},
  editor = {},
  title = {{Concurrent Programming in Java: Design Principles and Patterns}},
  publisher = {{Addison-Wesley}},
  year = 1996,
  address = {},
  edition = {},
  volume = {},
  number = {},
  series = {},
  month = oct,
  note = {}
}

@BOOK{Kuhne99,
  author = {K\"uhne, Thomas},
  editor = {},
  title = {{A Functional Pattern System for Object-Oriented Design}},
  publisher = {{Verlag Dr.\ Kova\v{c}}},
  year = 1999,
  address = {},
  edition = {},
  volume = {},
  number = {},
  series = {},
  month = aug,
  note = {}
}

@BOOK{Meszaros07,
  author = {Meszaros, Gerard},
  editor = {},
  title = {{xUnit Test Patterns --- Refactoring Test Code}},
  publisher = {{Addison-Wesley}},
  year = 2007,
  address = {},
  edition = {},
  volume = {},
  number = {},
  series = {},
  month = may,
  note = {}
}

@BOOK{Binder99,
  author = {Binder, Robert V.},
  editor = {},
  title = {{Testing Object-Oriented Systems: Models, Patterns and Tools}},
  publisher = {{Addison-Wesley}},
  year = 1999,
  address = {},
  edition = {},
  volume = {},
  number = {},
  series = {},
  month = oct,
  note = {}
}

@BOOK{Mattson04,
  author = {Mattson, Timothy G. and Sanders, Beverly A. and Massingill, Berna L.},
  editor = {},
  title = {{Patterns for Parallel Programming}},
  publisher = {{Addison-Wesley}},
  year = 2004,
  address = {},
  edition = {},
  volume = {},
  number = {},
  series = {},
  month = sep,
  note = {}
}

@inproceedings{Jung00,
  author    = {Matthias Jung and Ernst W. Biersack},
  editor    = {Martine Devos and Andreas R\"{u}ping},
  title     = {{Order-Worker-Entry: A System of Patterns to Structure Communication Protocol Software}},
  booktitle = {Proceedings of the Fifth European Conference on Pattern Languages of Programs (EuroPLoP 2000)},
  month     = jul,
  address   = {Irsee, Germany},
  year      = 2000
}

@INPROCEEDINGS{Jolliffe01,
  author    = {Bob Jolliffe},
  editor    = {Dwight Deugo and Federico Balaguer},
  title     = {{The Static Reflection Pattern}},
  booktitle = {Proceedings of the 8th Annual Conference on Pattern Languages of Programs (PLoP'01)},
  month     = sep,
  year      = 2001,
  address   = {Monticello, Illinois, USA},
  publisher = {Addison-Wesley Software Patterns Series}
}

@inproceedings{Foote96,
  author    = {Brian Foote and Joseph W. Yoder},
  editor    = {John M. Vlissides and James O. Coplien and Norman L. Kerth},
  title     = {{Evolution, Architecture, and Metamorphosis}},
  booktitle = {Proceedings of the 2nd Annual Conference on Pattern Languages of Programs (PLoP '95)},
  month     = sep,
  year      = 1996,
  address   = {Monticello, Illinois, USA},
  publisher = {Addison-Wesley Software Patterns Series}
}

@INPROCEEDINGS{Riehle00,
 author = {Dirk Riehle and Michel Tilman and Ralph Johnson},
 title = {{Dynamic Object Model}},
 editor = {Eugene Wallingford and Alejandra Garrido},
 booktitle = {Proceedings of the 7th Annual Conference on Pattern Languages of Programs (PLoP 2000)},
 year = 2000,
 address = {Monticello, Illinois, USA},
 month = aug
}
         
@INPROCEEDINGS{Deugo98,
  author    = {Dwight Deugo},
  editor    = {Steve Berczuk and Joe Yoder},
  title     = {{Foundation Patterns}},
  booktitle = {Proceedings of the 5th Annual Conference on Pattern Languages of Programs (PLoP'98)},
  address   = {Monticello, Illinois, USA},
  month     = aug,
  year      = 1998
}

@INPROCEEDINGS{Yacoub98,
  author    = {Sherif M. Yacoub and Hany H. Ammer},
  editor    = {Steve Berczuk and Joe Yoder},
  title     = {{A Pattern Language of Statecharts}},
  booktitle = {Proceedings of the 5th Annual Conference on Pattern Languages of Programs (PLoP'98)},
  address   = {Monticello, Illinois, USA},
  month     = aug,
  year      = 1998
}

@INPROCEEDINGS{Foote95,
 author = {Brian Foote and William F. Opdyke},
 title = {{Lifecycle and Refactoring Patterns That Support Evolution and Reuse}},
 editor = {James O. Coplien and Douglas C. Schmidt},
 booktitle = {Pattern Languages of Program Design},
 volume = {},
 series = {},
 year = 1995,
 address = {Reading, Massachusetts},
 organization = {},
 publisher = {Addison-Wesley},
 pages = {239-257},
 month = {},
 note = {}
}

@BOOK{Buschmann96,
 author = {Frank Buschmann and Regine Meunier and Hans Rohnert and Peter Sommerlad and Michael Stal},
 title = {{Pattern-Oriented Software Architecture: A System of Patterns}},
 publisher = {John Wiley and Sons Ltd},
 year = 1996
}

@BOOK{Lieberherr96,
 author = {Karl J. Lieberherr},
 title = {{Adaptive Object-Oriented Software: The Demeter Method with Propagation Patterns}},
 publisher = "PWS Publishing Company, Boston",
 year = 1996,
 note = "ISBN 0-534-94602-X"
}

@INPROCEEDINGS{Videira-Lopes94,
 author = {Cristina Videira Lopes and Karl J. Lieberherr},
 title = {{Abstracting Process-to-Function Relations in Concurrent Object-Oriented Applications}},
 booktitle = {Proceedings of \ecoop{94}},
 year = 1994,
 address = {Bologna, Italy},
 pages = {81-99},
 editor = {Remo Pareschi and Mario Tokoro},
 publisher = {Springer-Verlag}
}

@ARTICLE{Palsberg95,
 author = {Jens Palsberg and Cun Xiao and Karl J. Lieberherr},
 title = {{Efficient Implementation of Adaptive Software}},
 journal = toplas,
 year = 1995,
 pages = {264--292},
 month = mar,
 volume = 17,
 number = 2
}

@INPROCEEDINGS{Palsberg96,
 author = {Jens Palsberg and Boaz {Patt-Shamir} and Karl J. Lieberherr},
 title = {{A New Approach to Compiling Adaptive Programs}},
 booktitle = {European Symposium on Programming},
 year = 1996,
 address = {Linkoping, Sweden},
 pages = {280-295},
 editor = {Hanne Riis Nielson},
 publisher = {Springer Verlag}
}

@BOOK{Gamma95,
 author = {Erich Gamma and Richard Helm and Ralph Johnson and John Vlissides},
 series = {Professional Computing Series},
 title = {{Design Patterns: Elements of Reusable Object-Oriented Software}},
 publisher = {Addison-Wesley},
 address = {Reading, Ma, USA},
 year = 1995
}

@BOOK{Coplien92,
 author = {James O. Coplien},
 title = {{Advanced \cpp Programming Style and Idioms}},
 publisher = {Addison-Wesley},
 address = {Reading, Ma, USA},
 year = 1992
}

@BOOK{Coplien96,
  author    = {James O. Coplien},
  title     = {{Software Patterns}},
  publisher = {SIGS Books},
  address   = {New York, New York},
  year      = 1996
}

@INPROCEEDINGS{Cunningham94,
  author       = {Ward Cunningham},
  title        = {{The CHECKS Pattern Language of Information Integrity}},
  editor       = {James O. Coplien and Douglas C. Schmidt},
  booktitle    = {Proceedings of the 1st Annual Conference on Pattern Languages of Programs (PLoP '94)},
  year         = 1994,
  address      = {Monticello, Illinois, USA},
  month        = aug,
  note         = {}
}

@INPROCEEDINGS{Palsberg98,
  author = {Palsberg, Jens and Barry, Jay C.},
  title = {{The Essence of the Visitor Pattern}},
  booktitle = {{Proceedings of 22nd Annual International Computer Software and Application Conference (COMPSAC'98)}},
  year = 1998,
  editor = {},
  pages = {9--15},
  address = {Wien, Austria},
  organization = {},
  publisher = {IEEE},
  volume = {},
  number = {},
  series = {},
  month = aug,
  note = {}
}

@INPROCEEDINGS{Gamma93,
  author = {Gamma, Erich and Helm, Richard and Johnson, Ralph and Vlissides, John},
  title = {{Design Patterns: Abstraction and Reuse of Object-Oriented Design}},
  booktitle = {{Proceedings of the 7th European Conference on Object-Oriented Programming (ECOOP'93)}},
  year = 1993,
  editor = {Nierstrasz, Oscar M. },
  pages = {406--431},
  address = {Kaiserslautern, Germany},
  organization = {},
  publisher = {Springer},
  volume = {},
  number = {},
  series = {Lecture Notes in Computer Science 707},
  month = jul,
  note = {}
}

