@ARTICLE{Iverson80,
  author = {Iverson, Kenneth E.},
  title = {{Notation as a Tool of Thought}},
  journal = cacm,
  publisher = {ACM},
  year = 1980,
  volume = 23,
  number = 8,
  pages = {444--465},
  month = aug,
  note = {}
}

@ARTICLE{Franz97,
  author = {Franz, Michael and Kistler, Thomas},
  title = {{Slim Binaries}},
  journal = cacm,
  publisher = {ACM},
  year = 1997,
  volume = 40,
  number = 12,
  pages = {87--94},
  month = dec,
  note = {}
}

@ARTICLE{Schlansker97,
  author = {Schlansker, Michael and Conte, Thomas M. and Dehnert, James and Ebcioglu, Kemal and Fang, Jesse Z. and Thompson, Carol L.},
  title = {{Compilers for Instruction-Level Parallelism}},
  journal = {{IEEE Computer}},
  year = 1997,
  volume = 30,
  number = 12,
  pages = {63--69},
  month = dec,
  note = {}
}

@ARTICLE{Strachey00,
  author = {Strachey, Christopher},
  title = {{Fundamental Concepts in Programming Languages}},
  journal = {{Journal Higher-Order and Symbolic Computation}},
  publisher = {Kluwer Academic Publisher},
  year = 2000,
  volume = 13,
  number = 1#"-"#2,
  pages = {11--49},
  month = apr,
  note = {}
}

@ARTICLE{Cooper01,
  author = {Cooper, Keith D. and Simpson, L. Taylor and Vick, Christopher A.},
  title = {{Operator Strength Reduction}},
  journal = toplas,
  publisher = {ACM},
  year = 2001,
  volume = 23,
  number = 5,
  pages = {603--625},
  month = sep,
  note = {}
}

@INPROCEEDINGS{Nanz15,
  author = {Nanz, Sebastian and Furia, Carlo A.},
  title = {{A Comparative Study of Programming Languages in Rosetta Code}},
  booktitle = {{Proceedings of the 37th International Conference on Software Engineering (ICSE'15)}},
  year = 2015,
  editor = {Canfora, Gerardo and Elbaum, Sebastian},
  pages = {778--788},
  address = {Florence, Italy},
  organization = {},
  publisher = {IEEE},
  volume = {},
  number = {},
  series = {},
  month = may,
  note = {}
}

@INBOOK{VanRoy09,
  author = {van Roy, Peter},
  editor = {Assayag, G\'erard. and Gerzso, Andrew},
  title = {{Programming Paradigms for Dummies: What Every Programmer Should Know}},
  booktitle = {{New Computational Paradigms for Computer Music}},
  chapter = {},
  pages = {9--48},
  publisher = {Delatour},
  year = 2009,
  address = {},
  volume = {},
  number = {},
  series = {},
  type = {},
  edition = {},
  month = {},
  note = {}
}

@INPROCEEDINGS{Bissyande13,
  author = {Bissyand\'e, Tegawend\'e and Thing, Ferdian and Lo, David and Jiang, Lingxiao and R\'eveill\`ere, Laurent},
  title = {{Popularity, Interoperability, and Impact of Programming Languages in 100,000 Open Source Projects}},
  booktitle = {{Proceedings of the 2013 IEEE 37th Annual Computer Software and Applications Conference (COMPSAC'13)}},
  year = 2013,
  editor = {},
  pages = {303-312},
  address = {Kyoto, Japan},
  organization = {},
  publisher = {IEEE},
  volume = {},
  number = {},
  series = {},
  month = jul,
  note = {}
}


@INCOLLECTION{Sekiguchi01,
  author = {Sekiguchi, Tatsurou and Sakamoto, Takahiro and Yonezawa, Akinori},
  title = {{Portable Implementation of Continuation Operators in Imperative Languages by Exception Handling}},
  booktitle = {{Advances in Exception Handling Techniques}},
  editor = {Romanovsky, Alexander and Dony, Christophe and Knudsen, J{\o}rgenLindskov and Tripathi, Anand},
  publisher = {Springer},
  year = 2001,
  chapter = {},
  pages = {217--233},
  address = {},
  editor = {},
  volume = {},
  number = {},
  series = {Lecture Notes in Computer Science 2022},
  type = {},
  edition = {},
  month = apr,
  note = {}
}

@INPROCEEDINGS{Loitsch07,
  author = {Loitsch, Florian},
  title = {{Exceptional Continuations in Javascript}},
  booktitle = {{Proceedings of the 2007 Workshop on Scheme and Functional Programming}},
  year = 2007,
  editor = {Dub\'e, Danny},
  pages = {37--46},
  address = {Freiburg, Germany},
  organization = {},
  publisher = {Universit\'e Laval, Qu\'ebec, Canada},
  volume = {},
  number = {},
  series = {},
  month = sep,
  note = {}
}

@BOOK{Harper12,
  author = {Harper, Robert},
  editor = {},
  title = {{Practical Foundations for Programming Languages}},
  publisher = {{Cambridge University Press}},
  year = 2012,
  address = {},
  edition = {},
  volume = {},
  number = {},
  series = {},
  month = dec,
  note = {}
}

@TECHREPORT{ECMA99,
  author = {{ECMA}},
  title = {{ECMAScript Language Specification}},
  institution = {{ECMA}},
  year = 1999,
  type = {{Standard ECMA-262 v3}},
  number = {},
  address = {Geneve, Switzerland},
  month = dec,
  note = {}
}

@INPROCEEDINGS{Liang95,
  author = {Liang, Sheng and Hudak, Paul and Jones, Mark},
  title = {{Monad Transformers and Modular Interpreters}},
  booktitle = {{Proceedings of the 22nd ACM Symposium on Principles of Programming Languages (POPL'95)}},
  year = 1995,
  editor = {Cytron, Ron K. and Lee, Peter},
  pages = {333-343},
  address = {San Francisco, CA, USA},
  organization = {ACM},
  publisher = {},
  volume = {},
  number = {},
  series = {},
  month = jan,
  note = {}
}

@PHDTHESIS{Scharli05,
  author = {Sch\"arli, Nathanael},
  title = {{Traits --- Composing Classes from Behavioral Building Blocks}},
  school = {Universit\"at Bern},
  year = 2005,
  address = {Bern, Switzerland},
  type = {PhD Thesis},
  month = feb,
  note = {}
}

@INPROCEEDINGS{Brinke12,
  author = {te Brinke, Steven and Laarakkers, Mark and Bockisch, Christoph and Bergmans, Lodewijk},
  title = {{An Implementation Mechanism for Tailorable Exceptional Flow}},
  booktitle = {{Proceedings of the 5th International Workshop on Exception Handling (WEH'12)}},
  year = 2012,
  editor = {},
  pages = {22--26},
  address = {Z\"urich, Switzerland},
  organization = {},
  publisher = {},
  volume = {},
  number = {},
  series = {},
  month = jun,
  note = {}
}

@ARTICLE{Goodenough75,
  author = {Goodenough, John B.},
  title = {{Exception Handling: Issues and a Proposed Notation}},
  journal = cacm,
  year = 1975,
  volume = 18,
  number = 12,
  pages = {683--696},
  month = dec,
  note = {}
}

@INPROCEEDINGS{Bagge06,
  author = {Bagge, Anya Helene and Valentin, David and Haveraaen, Magne and Kalleberg, Karl Trygve},
  title = {{Stayin' Alert:: Moulding Failure and Exceptions to Your Needs}},
  booktitle = {{Proceedings of the 5th International Conference on Generative Programming and Component Engineering (GPCE'06)}},
  year = 2006,
  editor = {Schmidt, Douglas and Veldhuizen, Todd},
  pages = {265-274},
  address = {Portland, OR, USA},
  organization = {},
  publisher = {ACM},
  volume = {},
  number = {},
  series = {},
  month = oct,
  note = {}
}

@ARTICLE{McCarthy60,
  author = {McCarthy, John},
  title = {{Recursive Functions of Symbolic Expressions and Their Computation by Machine (Part I)}},
  journal = cacm,
  publisher = {ACM Press},
  year = 1960,
  volume = 3,
  number = 4,
  pages = {184--195},
  month = apr,
  note = {}
}

@INPROCEEDINGS{Cunningham11,
  author = {Cunningham, David and Bordawekar, Rajesh and Saraswat, Vijay},
  title = {{GPU Programming in a High Level Language: Compiling X10 to CUDA}},
  booktitle = {{Proceedings of X10 Workshop (X10'11)}},
  year = 2011,
  editor = {},
  pages = {},
  address = {San Jose, CA, USA},
  organization = {},
  publisher = {ACM},
  volume = {},
  number = {},
  series = {},
  month = jun,
  note = {}
}

@ARTICLE{Foderaro91,
  author = {Foderaro, John},
  title = {{LISP: Introduction}},
  journal = cacm,
  year = 1991,
  volume = 34,
  number = 9,
  pages = 27,
  month = sep,
  note = {Special Issue on Lisp}
}

@MANUAL{Leroy11,
  title = {{The OCaML System (Release 3.12): Documentation and User's Manual}},
  organization = {{Institut National de Recherche en Informatique et en Automatique}},
  address = {},
  author = {Leroy, Xavier and Doligez, Damien and Frisch, Alain and Garrigue, Jacques and R\'emy, Didier and Vouillon, J\'er\^ome},
  edition = {},
  month = jul,
  year = 2011,
  note = {}
}

@BOOK{Armstrong07,
  author = {Armstrong, Joe},
  editor = {},
  title = {{Programming Erlang: Software for a Concurrent World}},
  publisher = {{The Pragmatic Bookshelf}},
  year = 2007,
  address = {},
  edition = {fifth},
  volume = {},
  number = {},
  series = {},
  month = {},
  note = {}
}

@BOOK{Cesarini09,
  author = {Cesarini, Francesco and Thompson, Simon J.},
  editor = {},
  title = {{Erlang Programming: A Concurrent Approach to Software Development}},
  publisher = {O'Reilly},
  year = 2009,
  address = {},
  edition = {},
  volume = {},
  number = {},
  series = {},
  month = jun,
  note = {}
}

@BOOK{Armstrong96,
  author = {Armstrong, Joe and Virding, Robert and Wikstr{\"o}m, Claes and Williams, Mike},
  editor = {},
  title = {{Concurrent Programming in Erlang}},
  publisher = {Prentice Hall International},
  year = 1996,
  address = {},
  edition = {Second Edition},
  volume = {},
  number = {},
  series = {},
  month = {},
  note = {}
}

@INPROCEEDINGS{Armstrong96b,
  author = {Armstrong, Joe},
  title = {{Erlang -- A Survey of the Language and Its Industrial Applications}},
  booktitle = {{Proceedings of the Ninth Exhibition and Symposium on Industrial Applications of Prolog}},
  year = 1996,
  editor = {},
  pages = {},
  address = {Tokyo, Japan},
  organization = {},
  publisher = {},
  volume = {},
  number = {},
  series = {},
  month = oct,
  note = {}
}

@INPROCEEDINGS{Sahlin96,
  author = {Sahlin, Dan},
  title = {{The Concurrent Functional Programming Language Erlang -- An Overview}},
  booktitle = {{Proceedings of the Joint International Conference and Symposium on Logic Programming}},
  year = 1996,
  editor = {},
  pages = {},
  address = {Bonn, Germany},
  organization = {},
  publisher = {},
  volume = {},
  number = {},
  series = {},
  month = sep,
  note = {}
}

@BOOK{Ancona07,
  author = {Ancona, Davide and Lagorio, Giovanni and Zucca, Elena},
  editor = {},
  title = {{Linguaggi di Programmazione}},
  publisher = {{Citt\`a Studi Edizioni}},
  year = 2007,
  address = {},
  edition = {},
  volume = {},
  number = {},
  series = {},
  month = {},
  note = {}
}

@BOOK{Paulson96,
  author = {Paulson, Larry c.},
  editor = {},
  title = {{ML for the Working Programmer}},
  publisher = {{Cambridge University Press}},
  year = 1996,
  address = {},
  edition = {},
  volume = {},
  number = {},
  series = {},
  month = {},
  note = {}
}

@BOOK{Michaelson89,
  author = {Michaelson, Greg},
  editor = {},
  title = {{An Introduction to Functional Programming through $\lambda$-Calculus}},
  publisher = {{Addison-Wesley}},
  year = 1989,
  address = {},
  edition = {},
  volume = {},
  number = {},
  series = {},
  month = {},
  note = {}
}

@BOOK{Wampler09,
  author = {Wampler, Dean and Payne, Alex},
  editor = {},
  title = {{Programming Scala}},
  publisher = {{O'Reilly}},
  year = 2009,
  address = {},
  edition = {},
  volume = {},
  number = {},
  series = {},
  month = sep,
  note = {}
}

@BOOK{Subramaniam09,
  author = {Subramaniam, Venkat},
  editor = {},
  title = {{Programming Scala}},
  publisher = {{The Pragmatic Bookshelf}},
  year = 2009,
  address = {},
  edition = {},
  volume = {},
  number = {},
  series = {},
  month = jun,
  note = {}
}

@BOOK{Odersky08,
  author = {Odersky, Martin and Spoon, Lex and Venners, Bill},
  editor = {},
  title = {{Programming in Scala}},
  publisher = {{Aritma Press}},
  year = 2008,
  address = {},
  edition = {},
  volume = {},
  number = {},
  series = {},
  month = {},
  note = {}
}

@BOOK{Odersky11,
  author = {Odersky, Martin and Spoon, Lex and Venners, Bill},
  editor = {},
  title = {{Programming in Scala: A Comprehensive Step-by-Step Guide}},
  publisher = {Artima Inc.},
  year = 2011,
  address = {},
  edition = {second},
  volume = {},
  number = {},
  series = {},
  month = {},
  note = {}
}

@BOOK{Dearle10,
  author = {Dearle, Fergal},
  editor = {},
  title = {{Groovy for Domain-Specific Languages}},
  publisher = {{PACKT Publishing}},
  year = 2010,
  address = {},
  edition = {},
  volume = {},
  number = {},
  series = {},
  month = may,
  note = {}
}

@INPROCEEDINGS{Scharli03,
  author = {Sch\"arli, Nathanael and Ducasse, St\'ephane and Nierstrasz, Oscar and Black, Andrew P.},
  title = {{Traits: Composable Units of Behaviour}},
  booktitle = {{Proceedings of the 17\textsuperscript{th} European Conference on Object-Oriented Programming (ECOOP'03)}},
  year = 2003,
  editor = {Cardelli, Luca},
  pages = {248-274},
  address = {Darmstadt, Germany},
  organization = {},
  publisher = {Springer},
  volume = {},
  number = {},
  series = {Lecture Notes in Computer Science 2743},
  month = jul,
  note = {}
}

@ARTICLE{Ducasse06,
  author = {Ducasse, St\'ephanne and Nierstrasz, Oscar and Sch\"arli, Nathanael and Wuyts, Roel and Black, Andrew P.},
  title = {{Traits: A Mechanism for Fine-Grained Reuse}},
  journal = {ACM Transactions on Programming Languages and Systems},
  year = 2006,
  volume = 28,
  number = 2,
  pages = {331-388},
  month = mar,
  note = {}
}

@INPROCEEDINGS{Salzman05,
  author = {Salzman, Lee and Adrich, Jonathan},
  title = {{Prototypes with Multiple Dispatch: An Expressive and Dynamic Object Model}},
  booktitle = {{Proceedings of the 19th European Conference on Object-Oriented Programming (ECOOP'05)}},
  year = 2005,
  editor = {Black, Andrew P.},
  pages = {312--336},
  address = {Glasgow, UK},
  organization = {},
  publisher = {Springer},
  volume = {},
  number = {},
  series = {Lecture Notes in Computer Science 3586},
  month = jul,
  note = {}
}

@ARTICLE{Smith96,
  author = {Smith, Randall B. and Ungar, David},
  title = {{A Simple and Unifying Approach to Subject Objects}},
  journal = {Theory and Practice of Object Systems},
  publisher = {John Wiley \& Sons},
  year = 1996,
  volume = 2,
  number = 3,
  pages = {161--178},
  month = {},
  note = {}
}

@INPROCEEDINGS{Rakotonirainy01,
  author = {Rakotonirainy, Andry and Indulska, Jaga and Loke, Seng Wai and Zaslavsky, Arkady},
  title = {{Middleware for Reactive Components: An Integrated Use of Context, Roles, and Event Based Coordination}},
  booktitle = {{Proceedings of the IFIP/ACM International Conference on Distributed Systems Platforms (Middleware'01)}},
  year = 2001,
  editor = {Guerraoui, Rachid},
  pages = {77--98},
  address = {Heidelberg, Germany},
  organization = {},
  publisher = {Springer},
  volume = {},
  number = {},
  series = {Lecture Notes in Computer Science 2218},
  month = nov,
  note = {}
}

@INPROCEEDINGS{Reid00,
  author = {Reid, Alastair and Flatt, Matthew and Stoller, Leigh and Lepreau, Jay and Eide, Eric},
  title = {{Knit: Component Composition for Systems Software}},
  booktitle = {{Proceedings of the 4th conference on Symposium on Operating System Design and Implementation (OSDI'00)}},
  year = 2000,
  editor = {Jones, Michael B. and Kaashoek, Frans},
  pages = {24--37},
  address = {San Diego, CA, USA},
  organization = {},
  publisher = {USENIX},
  volume = {},
  number = {},
  series = {},
  month = oct,
  note = {}
}

@PHDTHESIS{Galletta14,
  author = {Galletta, Letterio},
  title = {{Adaptivity: Linguistic Mechanisms and Static Analysis Techniques}},
  school = {{Università degli Studi di Pisa}},
  year = 2014,
  address = {Pisa, Italy},
  type = {{PhD Thesis}},
  month = may,
  note = {}
}

@ARTICLE{Thibault00,
  author = {Thibault, Scott and Consel, Charles and Lawall, Julia L. and Marlet, Renaud and Muller, Gilles},
  title = {{Static and Dynamic Program Compilation by Interpreter Specialization}},
  journal = {{Higher-Order and Symbolic Computation}},
  publisher = {Kluwer Academic Publisher},
  year = 2000,
  volume = 13,
  number = 3,
  pages = {161--178},
  month = sep,
  note = {}
}

@ARTICLE{Bettini06,
  author = {Bettini, Lorenzo and Capecchi, Sara and Venneri, Betti},
  title = {{Double Dispatch in C++}},
  journal = {{Software: Practice and Experience}},
  publisher = {Elsevier},
  year = 2006,
  volume = 36,
  number = 6,
  pages = {581--613},
  month = may,
  note = {}
}

@INPROCEEDINGS{Tobin-Hochstadt11,
  author = {Tobin-Hochstadt, San and St-Amour, Vincent and Culpepper, Ryan and Flatt, Matthew and Felleisen, Matthias},
  title = {{Languages as Libraries}},
  booktitle = {{Proceedings of the 32nd Conference on Programming Language Design and Implementation (PLDI'11)}},
  year = 2011,
  editor = {Padua, David},
  pages = {132--141},
  address = {San Jos\`e, CA, USA},
  organization = {},
  publisher = {ACM},
  volume = {},
  number = {},
  series = {},
  month = jun,
  note = {}
}

@INPROCEEDINGS{Bala00,
  author = {Bala, Vasanth and Duesterwald, Evelyn and Banerjia, Sanjeev},
  title = {{Dynamo: A Transparent Runtime Optimization System}},
  booktitle = {{Proceedings of the 21st International Conference on Programming Language Design and Implementation (PLDI'00)}},
  year = 2000,
  editor = {Lam, Monica},
  pages = {1--12},
  address = {Vancouver, BC, Canada},
  organization = {},
  publisher = {ACM},
  volume = {},
  number = {},
  series = {},
  month = jun,
  note = {}
}

@INPROCEEDINGS{Gal06,
  author = {Gal, Andreas and Probst, Christian W. and Franz, Michael},
  title = {{HotpathVM: An Effective JIT Compiler for Resource-Constrained Devices}},
  booktitle = {{Proceedings of the 2nd International Conference on Virtual Execution Environments (VEE'06)}},
  year = 2006,
  editor = {Boehm, Hans and Grove, David},
  pages = {144--153},
  address = {Ottawa, Canada},
  organization = {},
  publisher = {ACM},
  volume = {},
  number = {},
  series = {},
  month = jun,
  note = {}
}

@INPROCEEDINGS{Sullivan01,
  author = {Sullivan, Gregory T.},
  title = {{Dynamic Partial Evaluation}},
  booktitle = {{Proceedings of the 2nd Symposium on Programs as Data Objects (PaDO'01)}},
  year = 2001,
  editor = {Danvy, Olivier and Filinski, Andrzej},
  pages = {238--256},
  address = {Aarhus, Denmark},
  organization = {},
  publisher = {Springer},
  volume = {},
  number = {},
  series = {Lecture Notes in Computer Science 2053},
  month = may,
  note = {}
}

@INPROCEEDINGS{Gabriel12,
  author = {Gabriel, Richard P.},
  title = {{The Structure of a Programming Language Revolution}},
  booktitle = {{Proceedings of the ACM international Symposium on New Ideas, New Paradigms, and Reflections on Programming and Software (Onward! 2012)}},
  year = 2012,
  editor = {Edwards, Jonathan},
  pages = {195--214},
  address = {Tucson, AZ, USA},
  organization = {},
  publisher = {},
  volume = {},
  number = {},
  series = {},
  month = oct,
  note = {}
}

@PHDTHESIS{Teitelman66,
  author = {Teitelman, Warren},
  title = {{PILOT: A Step Toward Man-Computer Symbiosis}},
  school = {{Massachusetts Institute of Technology}},
  year = 1966,
  address = {},
  type = {PhD Thesis},
  month = sep,
  note = {}
}

@TECHREPORT{Weinreb80,
  author = {Weinreb, Daniel and Moon David A.},
  title = {{Flavors: Message Passing in the Lisp Machine}},
  institution = {{Massachusetts Institute of Technology}},
  year = 1980,
  type = {Technical Report},
  number = {602},
  address = {},
  month = nov,
  note = {}
}

@ARTICLE{Spinellis06,
  author = {Spinellis, Diomedes},
  title = {{Choosing a Programming Language}},
  journal = {{IEEE Software}},
  publisher = {IEEE},
  year = 2006,
  volume = 23,
  number = 4,
  pages = {62--63},
  month = jul#"/"#aug,
  note = {}
}

@ARTICLE{deLara04,
  author = {de Lara, Juan and Vangheluwe, Hans},
  title = {{Defining Visual Notations and Their Manipulation through Meta-Modelling and Graph Transformation}},
  journal = {{Journal of Visual Languages and Computing}},
  publisher = {Elsevier},
  year = 2004,
  volume = 15,
  number = 3#"-"#4,
  pages = {309--330},
  month = jun#"-"#aug,
  note = {}
}

@INPROCEEDINGS{Favre05,
  author = {Favre, Jean-Marie},
  title = {{Languages Evolve Too! Changing the Software Time Scale}},
  booktitle = {{Proceedings of the 8th International Workshop on Principles of Software Evolution (IWPSE'05)}},
  year = 2005,
  editor = {Saeki, Motoshi and Canfora, Gerardo and Yamamoto, Shu-ichiro},
  pages = {33--42},
  address = {Lisbon, Portugal},
  organization = {},
  publisher = {},
  volume = {},
  number = {},
  series = {},
  month = sep,
  note = {}
}

@INPROCEEDINGS{Bucker08,
  author = {B\"ucker, H. Martin and Petera, Monika Anna and Vehreschild, Andre},
  title = {{Code Optimization Techniques in Source Transformations of Interpreted Languages}},
  booktitle = {{Proceedings of the 5th International Conference on Automatic Differentiation (AD'08)}},
  year = 2008,
  editor = {Bischof, Christian H. and B\"ucker, H. Martin and Hovland, Paul and Naumann, Uwe and Utke, Jean},
  pages = {223--233},
  address = {Bonn, Germany},
  organization = {},
  publisher = {Springer},
  volume = {},
  number = {},
  series = {Lecture Notes in Computer Science and Engineering 64},
  month = aug,
  note = {}
}

@INPROCEEDINGS{Park15,
  author = {Park, Jongse and Esmaeilzadeh, Hadi and Zhang, Xin and Naik, Mayur and Harris, William},
  title = {{FlexJava: Language Support for Safe and Modular Approximate Programming}},
  booktitle = {{Proceedings of the 10th Joint Meeting of the European Software Engineering Conference and the Symposium on the Foundations of Software Engineering (ESEC/FSE'15)}},
  year = 2015,
  editor = {Harman, Mark and Heymans, Patrick},
  pages = {745--757},
  address = {Bergamo, Italy},
  organization = {},
  publisher = {ACM},
  volume = {},
  number = {},
  series = {},
  month = aug,
  note = {}
}

@ARTICLE{DeMoura09,
  author = {de Moura, Ana L\'ucia and Ierusalimschy, Roberto},
  title = {{Revisitng Coroutines}},
  journal = {{ACM Transactions on Programming Languages and Systems}},
  publisher = {ACM},
  year = 2009,
  volume = 31,
  number = 2,
  pages = {},
  month = feb,
  note = {}
}

@ARTICLE{Ierusalimschy17,
  author = {Ierusalimschy, Roberto},
  title = {{First-Class Functions in an Imperative World}},
  journal = {{Journal of Universal Computer Science}},
  publisher = {},
  year = 2017,
  volume = 23,
  number = 1,
  pages = {112--126},
  month = jan,
  note = {}
}

@ARTICLE{Ierusalimschy96,
  author = {Ierusalimschy, Roberto and de Figueiredo, Luiz Henrique and Celes Filho, Waldemar},
  title = {{Lua--An Extensible Extension Language}},
  journal = {{Journal of Software---Practice \& Experience}},
  publisher = {Wiley and Son},
  year = 1996,
  volume = 26,
  number = 6,
  pages = {635--652},
  month = jun,
  note = {}
}

@ARTICLE{Ierusalimschy11,
  author = {Ierusalimschy, Roberto and de Figueiredo, Luiz Henrique and Celes Filho, Waldemar},
  title = {{Passing a Language through the Eye of a Needle}},
  journal = cacm,
  publisher = {ACM},
  year = 2011,
  volume = 9,
  number = 5,
  pages = {},
  month = may,
  note = {}
}

@INPROCEEDINGS{Gybels03b,
  author = {Gybels, Kris},
  title = {{SOUL and Smalltalk---Just Married}},
  booktitle = {{Proceedings of the Workshop on Declarative Programming in the Context of Object-Oriented Languages (DP-COOL'03)}},
  year = 2003,
  editor = {},
  pages = {},
  address = {Anaheim, CA, USA},
  organization = {},
  publisher = {},
  volume = {},
  number = {},
  series = {},
  month = oct,
  note = {}
}

@INPROCEEDINGS{Hjalmtysson98,
  author = {Hj{\'a}lmt{\'y}sson, G{\'\i}sli and Gray, Robert},
  title = {{Dynamic C++ Classes---A Lightweight Mechanism to Update Code in a Running Program}},
  booktitle = {{Proceedings of the USENIX Annual Technical Conference (USENIX'98)}},
  year = 1998,
  editor = {},
  pages = {65--76},
  address = {New Orleans, Louisiana, USA},
  organization = {},
  publisher = {},
  volume = 98,
  number = {},
  series = {},
  month = jun,
  note = {}
}

@ARTICLE{Lapalme86,
  author = {Lapalme, Guy and Chapleau, Suzanne},
  title = {{Logicon: An Integration of Prolog into Icon}},
  journal = {{Software: Practice and Experience}},
  publisher = {Wiley and Son},
  year = 1986,
  volume = 16,
  number = 10,
  pages = {925--944},
  month = oct,
  note = {}
}

@INPROCEEDINGS{Denti01,
  author = {Denti, Enrico and Omicini, Andrea nad Ricci, Alessandro},
  title = {{tuProlog: A Light-Weight Prolog for Internet Applications and Infrastructures}},
  booktitle = {{Proceedings of the International Symposium on Practical Aspects of Declarative Languages (PADL'01)}},
  year = 2001,
  editor = {Ramakrishnan, I.V.},
  pages = {184--198},
  address = {Las Vegas, NV, USA},
  organization = {},
  publisher = {Springer},
  volume = {},
  number = {},
  series = {Lecture Notes in Computer Science 1990},
  month = mar,
  note = {}
}

@TECHREPORT{Robinson80,
  author = {Robinson, John Alan and Sibert, E. E.},
  title = {{LOGLISP: An Alternative to Prolog}},
  institution = {University of Syracure},
  year = 1980,
  type = {Technical Report},
  number = {80-7},
  address = {Syracuse, NY, USA},
  month = {},
  note = {}
}

@INPROCEEDINGS{Noble16,
  author = {Noble, James and Black, Andrew P. and Bruce, Kim B. and Homer, Michael and Miller, Mark S.},
  title = {{The Left Hand of Equals}},
  booktitle = {{Proceedings of the ACM International Symposium on New Ideas, New Paradigms and Reflection on Programming and Software (Onward!'16) }},
  year = 2016,
  editor = {Murphy-Hill, Emerson and Lopes, Crista},
  pages = {224--237},
  address = {Amsterdam, Netherlands},
  organization = {},
  publisher = {ACM},
  volume = {},
  number = {},
  series = {},
  month = nov,
  note = {}
}

INPROCEEDINGS{Matsakis14,
  author = {Matsakis, Nicholas D. and Klock, II, Felix S.},
  title = {{The Rust Language}},
  booktitle = {{Proceedings of the ACM SIGAda's Annual International Conference on High Integrity Language Technology (HILT'14)}},
  year = 2014,
  editor = {Taft, Tucker},
  pages = {103--104},
  address = {Portlan, OR, USA},
  organization = {},
  publisher = {ACM},
  volume = {},
  number = {},
  series = {},
  month = oct,
  note = {}
}

@INPROCEEDINGS{Holk13,
  author = {Holk, Eric and Pathirage, Milinda and Chauhan, Arun and Lumsdaine, Andrew and Matsakis, Nicholas D.},
  title = {{GPU Programming in Rust: Implementing High-Level Abstractions Systems-Level Language}},
  booktitle = {{Proceedings of the 27th IEEE International Symposium on Parallel \& Distributed Processing---Workshops and PhD Forum (ISPDP'13)}},
  year = 2013,
  editor = {\c{C}ataly\"urek, \"Umit V.},
  pages = {315--324},
  address = {Cambridge, MA, USA},
  organization = {},
  publisher = {IEEE},
  volume = {},
  number = {},
  series = {},
  month = may,
  note = {}
}

@INPROCEEDINGS{Dubach12,
  author = {Dubach, Christophe and Cheng, Perry and Rabbah, Rodric and Bacon. David F. and Fink, Stephen J.},
  title = {{Compiling a High-Level Language for GPUs: Via Language Support for Architectures and Compilers}},
  booktitle = {{Proceedings of the 33rd ACM Conference on Programming Language Design and Implementation (PLDI'12)}},
  year = 2012,
  editor = {Tip, Frank},
  pages = {1--12},
  address = {Beijing, China},
  organization = {},
  publisher = {ACM},
  volume = {},
  number = {},
  series = {},
  month = jun,
  note = {}
}

@INPROCEEDINGS{Stromme12,
  author = {Stromme, Andrew and Carlson, Ryan and Newhall, Tia},
  title = {{Chestnut: A GPU Programming Language for Non-Experts}},
  booktitle = {{Proceedings of the 2012 International Workshop on Programming Models and Applications for Multicores and Manycores (PMAM'12)}},
  year = 2012,
  editor = {Guo, Minyi and Huang, Zhiyi},
  pages = {156--167},
  address = {New Orleans, LA, USA},
  organization = {},
  publisher = {ACM},
  volume = {},
  number = {},
  series = {},
  month = feb,
  note = {}
}

@INPROCEEDINGS{Maruyama11,
  author = {Maruyama, Maoya and Nomura, Tetsuo and Sato, Kento nad Matsuoka, Satoshi},
  title = {{Physis: An Implicitly Parallel Programming Model for Stencil Computations on Large-Scale LPU-Acecelerated Supercmputers}},
  booktitle = {{Proceedings of 2011 International Conference for High Performance Computing, Networking, Storage and Analysis (SC'11)}},
  year = 2011,
  editor = {Costa, Jim and Kramer, William},
  pages = {},
  address = {Seattle, WA, USA},
  organization = {},
  publisher = {ACM},
  volume = {},
  number = {},
  series = {},
  month = nov,
  note = {}
}

@ARTICLE{Stone10,
  author = {Stone, John E. and Gohara, David and Shi, Guochun},
  title = {{OpenCL: A Parallel Programming Standard for Heterogeneous Computing Systems}},
  journal = {{Computing in Science and Engineering}},
  publisher = {IEEE},
  year = 2010,
  volume = 12,
  number = 3,
  pages = {66--73},
  month = may,
  note = {}
}

@ARTICLE{Landin66,
  author = {Landin, Peter J.},
  title = {{The Next 700 Programming Languages}},
  journal = cacm,
  publisher = {ACM},
  year = 1966,
  volume = 9,
  number = 3,
  pages = {157-166},
  month = mar,
  note = {}
}

@INPROCEEDINGS{Fang11,
  author = {Fang, Jianbin and Varbanescu, Ana Lucia and Sips, Henk},
  title = {{A Comprehensive Performance Comparison of CUDA and OpenCL}},
  booktitle = {{Proceedings of the International Conference on Parallel Processing (ICPP'11)}},
  year = 2011,
  editor = {Gao, Guang R. and Tseng, Yu-Chee},
  pages = {216--225},
  address = {Taipei City, Taiwan},
  organization = {},
  publisher = {IEEE},
  volume = {},
  number = {},
  series = {},
  month = sep,
  note = {}
}

@ARTICLE{GonzalezGarcia15,
  author = {Gonz\'alez Garc{\'\i}a, Cristian and Pascual Espada, Jord\'an and Pelayo G-Bustelo, B. Cristina and Manuel, Juan},
  title = {{Swift vs. Objective-C: A New Programming Language}},
  journal = {{International Journal of Interactive Multimedia and Artificial Intelligence}},
  publisher = {},
  year = 2015,
  volume = 3,
  number = 3,
  pages = {74--81},
  month = jun,
  note = {}
}

@INPROCEEDINGS{Pereira17,
  author = {Pereira, Rui and Couto, Marco and Ribeiro, Francisco and Rua, Rui and Cunha, J\'acome and Fernandes, Jo{\~a}o Paulo and Saraiva, Jo{\~a}o},
  title = {{Energy Efficiency Across Programming Languages}},
  booktitle = {{Proceedings of the 10th International Conference on Software Language Engineering (SLE'17)}},
  year = 2017,
  editor = {Mernik, Marjan and Rumpe, Bernhard},
  pages = {256--267},
  address = {Vancouver, BC, Canada},
  organization = {},
  publisher = {ACM},
  volume = {},
  number = {},
  series = {},
  month = oct,
  note = {}
}

@ARTICLE{Hirzel18,
  author = {Hirzel, Martin and Baudart, Guillaume and Bonifati, Angela and Della valle Emanuele and Sakr, Sherif and Vlachou, Akrivi},
  title = {{Stream Processing Languages in the Big Data Era}},
  journal = {{ACM SIGMOD}},
  publisher = {ACM},
  year = 2018,
  volume = 47,
  number = 2,
  pages = {29--40},
  month = jun,
  note = {}
}

@INPROCEEDINGS{Chambers89,
  author = {Chambers, Craig and Ungar, David and Lee, Elgin},
  title = {{An Efficient Implementation of \textsc{Self}, a Dynamically-Typed Object-Oriented Language Based on Prototypes}},
  booktitle = {{Proceedings of 4th Conference on Object-Oriented Programming Systems, Languages and Applications (OOPSLA'89)}},
  year = 1989,
  editor = {Beck, Kent},
  pages = {49--70},
  address = {Portland, Oregon, USA},
  organization = {},
  publisher = {ACM},
  volume = {},
  number = {},
  series = {},
  month = oct,
  note = {}
}

@ARTICLE{Odersky14,
  author = {Odersky, Martin and Rompf, Tiark},
  title = {{Unifying Functional and Object-Oriented Programming with Scala}},
  journal = cacm,
  publisher = {ACM},
  year = 2014,
  volume = 57,
  number = 4,
  pages = {76--86},
  month = apr,
  note = {}
}

@ARTICLE{Meyer87,
  author = {Meyer, Bertrand},
  title = {{Eiffel: Programming for Reusability and Extendibility}},
  journal = {{ACM Sigplan Notices}},
  publisher = {ACM},
  year = 1987,
  volume = 22,
  number = 2,
  pages = {85--94},
  month = feb,
  note = {}
}

@INPROCEEDINGS{Madsen89,
  author = {Madsen, Ole Lehrmann and M{\o}ller-Pedersen, Birger},
  title = {{Virtual Classes: A Powerful Mechanism in Object-Oriented Programming}},
  booktitle = {{Proceedings of 4th Conference on Object-Oriented Programming Systems, Languages and Applications (OOPSLA'89)}},
  year = 1989,
  editor = {Beck, Kent},
  pages = {397--406},
  address = {Portland, OR, USA},
  organization = {},
  publisher = {ACM},
  volume = {},
  number = {},
  series = {},
  month = oct,
  note = {}
}

@INPROCEEDINGS{Chambers92,
  author = {Chambers, Craig},
  title = {{Object-Oriented Multi-Methods in Cecil}},
  booktitle = {{Proceedings of the 6th European Conference on Object-Oriented Programming (ECOOP'92)}},
  year = 1992,
  editor = {Madsen, Ole Lehrmann},
  pages = {33--56},
  address = {Utrecht, The Netherlands},
  organization = {},
  publisher = {Springer},
  volume = {},
  number = {},
  series = {Lecture Notes in Computer Science 615},
  month = jul,
  note = {}
}

@INPROCEEDINGS{Ernst01,
  author = {Ernst, Erik},
  title = {{Family Polymorphism}},
  booktitle = {{Proceedings of the 15th European Conference on Object-Oriented Programming (ECOOP'01)}},
  year = 2001,
  editor = {Knudsen, J{\o}rgen Lindskov},
  pages = {303--306},
  address = {Budapest, Hungary},
  organization = {},
  publisher = {Springer},
  volume = {},
  number = {},
  series = {Lecture Notes in Computer Science 2072},
  month = jun,
  note = {}
}

@INPROCEEDINGS{Moors08b,
  author = {Moors, Adriaan and Piessens, Frank and Odersky, Martin},
  title = {{Generics of a Higher Kind}},
  booktitle = {{Proceedings of the 23rd ACM Conference on Object-Oriented Programming Systems Languages and Applications (OOPSLA'08)}},
  year = 2008,
  editor = {Kickzales, Gregor},
  pages = {423--438},
  address = {Nashville, TN, USA},
  organization = {},
  publisher = {ACM},
  volume = {},
  number = {},
  series = {},
  month = oct,
  note = {}
}

@INPROCEEDINGS{Thorup97,
  author = {Thorup, Kresten Krab},
  title = {{Genericity in Java with Virtual Types}},
  booktitle = {{Proceedings of the 1th European Conference on Object Oriented Programming (ECOOP'97)}},
  year = 1997,
  editor = {Ak\c{s}it, Mehmet and Matsuoka, Satoshi},
  pages = {444--471},
  address = {Jyv\"askyl\"a, Finland},
  organization = {},
  publisher = {Springer},
  volume = {},
  number = {},
  series = {Lecture Notes in Computer Science 1241},
  month = jun,
  note = {}
}

@ARTICLE{Matsakis14,
  author = {Matsakis, Nicholas D. and Klock, Felix S.},
  title = {{The Rust Language}},
  journal = {{ACM SIGAda Letters}},
  publisher = {ACM},
  year = 2014,
  volume = 34,
  number = 3,
  pages = {103--104},
  month = oct,
  note = {}
}

@INPROCEEDINGS{Ancona07b,
  author = {Ancona, Davide and Ancona, Massimo and Cuni, Antonio and Matsakis, Nicholas D.},
  title = {{RPython: A Step Towards Reconciling Dynamically and Statically Typed OO Languages}},
  booktitle = {{Proceedings of the 3rd International Symposium on Dynamic Languages (DLS'07)}},
  year = 2007,
  editor = {Costanza, Pascal and Hirschfeld, Robert},
  pages = {53--64},
  address = {Montr\'eal, Canada},
  organization = {},
  publisher = {ACM},
  volume = {},
  number = {},
  series = {},
  month = oct,
  note = {}
}

@INPROCEEDINGS{Lin16,
  author = {Lin, Yi and Blackburn, Stephen M. and Hosking, Antony L. and Norrish, Michael},
  title = {{Rust as a Language for High Performance GC Implementation}},
  booktitle = {{Proceedings of the 2016 ACM International Symposium on Memory Management (ISMM'16)}},
  year = 2016,
  editor = {Zhang, Zheng},
  pages = {89--98},
  address = {Santa Barbara, CA, USA},
  organization = {},
  publisher = {ACM},
  volume = {},
  number = {},
  series = {},
  month = jun,
  note = {}
}

@ARTICLE{Boyer84,
  author = {Boyer, Robert S. and Moore, J. Strother},
  title = {{A Mechanical Proof of the Turing Completeness of Pure LISP}},
  journal = {{Contemporary Mathematics}},
  publisher = {American Mathematical Society},
  year = 1984,
  volume = 29,
  number = {},
  pages = {133--167},
  month = feb,
  note = {Special Issue on Automated Theorem Proving: After 25 Years}
}

@ARTICLE{Schinz01,
  author = {Schinz, Michel and Odersky, Martin},
  title = {{Tail Call Elimination on the Java Virtual Machine}},
  journal = {{Electronic Notes in Theoretical Computer Science}},
  publisher = {Elsevier},
  year = 2001,
  volume = 59,
  number = 1,
  pages = {158--171},
  month = nov,
  note = {}
}

@INPROCEEDINGS{Barr15,
  author = {Barr, Earl T. and Harman, Mark and Jia, Yue and Marginean, Alexandru and Perke, Justyna},
  title = {{Automated Software Transplation}},
  booktitle = {{Proceedings of the 2015 International Symposium on Software Testing and Analysis (ISSTA'15)}},
  year = 2016,
  editor = {Xie, Tao},
  pages = {257--269},
  address = {Baltimore, MD, USA},
  organization = {},
  publisher = {ACM},
  volume = {},
  number = {},
  series = {},
  month = jul,
  note = {}
}

@INPROCEEDINGS{Downen19,
  author = {Downen, Paul and Sullivan, Zachary and Ariola, Zena M. and Peyton Jones, Simon},
  title = {{Codata in Action}},
  booktitle = {{Proceedings of the 28th European Symposium on Programming (ESOP'19)}},
  year = 2019,
  editor = {Caires, Luis},
  pages = {119--146},
  address = {Prague, Czech Republic},
  organization = {},
  publisher = {Springer},
  volume = {},
  number = {},
  series = {Lecture Notes in Computer Science 11423},
  month = apr,
  note = {}
}

@ARTICLE{Taft19,
  author = {Taft, S. Tucker},
  title = {{ParaSail: A Pointer-Free Pervasively-Parallel Language for Irregular Computations}},
  journal = {{The Art, Science, and Engineering of Programming}},
  publisher = {},
  year = 2019,
  volume = 3,
  number = 3,
  pages = {},
  month = feb,
  note = {}
}

@INPROCEEDINGS{Clebsch15,
  author = {Clebsch, Sylvan and Drossopoulou, Sophia and Blessing, Sebastian and McNeil, Andy},
  title = {{Deny Capabilities for Safe, Fast Actors}},
  booktitle = {{Proceedings of the 6th International Workshop on Programming Based on Actors, Agents and Decetralized Control (AGERE'15)}},
  year = 2015,
  editor = {Gonzalez-Boix, Elisa and Haller, Philipp and Ricci, Alessandro and Varela, Carlos},
  pages = {1--12},
  address = {Pittsburgh, PN, USA},
  organization = {},
  publisher = {ACM},
  volume = {},
  number = {},
  series = {},
  month = oct,
  note = {}
}

@INPROCEEDINGS{Liu20,
  author = {Liu, Yiyun and Parker, James and Redmond, Patrick and Kuper, Lindsey and Hicks, Michael and Vazou, Niki},
  title = {{Verifying Replicated Data Types with Typeclass Refinements in Liquid Haskell}},
  booktitle = {{Proceedings of the 35th Conference on Object-Oriented Programming, Systems, Languages, and Applications (OOPSLA'20)}},
  year = 2020,
  editor = {Grove, David},
  pages = {1--30},
  address = {Chicago, IL, USA},
  organization = {},
  publisher = {ACM},
  volume = {},
  number = {},
  series = {},
  month = nov,
  note = {}
}

@ARTICLE{Wirth21,
  author = {Wirth, Niklaus},
  title = {{50 Years of Pascal}},
  journal = cacm,
  publisher = {ACM},
  year = 2021,
  volume = 64,
  number = 3,
  pages = {39--41},
  month = feb,
  note = {}
}

@ARTICLE{Hall09,
  author = {Hall, Mary and Padua, David and Pingali, Keshav},
  title = {{Compiler Research: the Next 50 Years}},
  journal = cacm,
  publisher = {ACM},
  year = 2009,
  volume = 52,
  number = 2,
  pages = {60--67},
  month = feb,
  note = {}
}

@INPROCEEDINGS{Aldrich13,
  author = {Aldrich, Johathan},
  title = {{The Power of Interoperability: Why Objects Are Inevitable}},
  booktitle = {{Proceedings of the international symposium on New ideas, new paradigms, and reflections on programming & software}},
  year = 2013,
  editor = {Hirschfeld, Robert},
  pages = {101--116},
  address = {Indianapolis, IN, USA},
  organization = {},
  publisher = {ACM},
  volume = {},
  number = {},
  series = {},
  month = oct,
  note = {}
}

@INPROCEEDINGS{Wimmer12,
  author = {Wimmer, Christian and W\"urthinger, Thomas},
  title = {{Truffle: A Self-Optimizing Runtime System}},
  booktitle = {{Proceedings of the 3rd Annual Conference on Systems, Programming and Applications: Software for Humanity (SPLASH'12)}},
  year = 2012,
  editor = {Leavens, Gary T.},
  pages = {1--2},
  address = {Tucson, AZ, USA},
  organization = {},
  publisher = {ACM},
  volume = {},
  number = {},
  series = {},
  month = oct,
  note = {}
}

@UNPUBLISHED{Graham03,
  author = {Graham, Paul},
  title = {{Beating the Averages}},
  note = {Available at \url{http://www.paulgraham.com/avg.html}},
  year = 2003,
  month = apr
}

@ARTICLE{Irons64,
  author = {Irons, Edgar T.},
  title = {{``Structural Connections'' in Formal Languages}},
  journal = cacm,
  publisher = {ACM},
  year = 1964,
  volume = 7,
  number = 2,
  pages = {67--72},
  month = feb,
  note = {}
}

@TECHREPORT{Papert71,
  author = {Papert, Symour and Solomon, Cynthia},
  title = {{Twenty Things to Do with a Computer}},
  institution = {Massachusetts Institute of Technology},
  year = 1971,
  type = {Artificial Intelligence Memo},
  number = 248,
  address = {},
  month = jun,
  note = {}
}

@ARTICLE{Sweet85,
  author = {Sweet, Richard E.},
  title = {{The Mesa Programming Environment}},
  journal = {{ACM Sigplan Notice}},
  publisher = {ACM},
  year = 1985,
  volume = 20,
  number = 7,
  pages = {216--229},
  month = jul,
  note = {}
}

@ARTICLE{Grimmer18,
  author = {Grimmer, Matthias and Schatz, Roland and Seaton, Chris and W\"urthinger, Thomas and Luj\'an, Mikel and M\"ossenb\"ock, Hanspeter},
  title = {{Cross-Language Interoperability in a Multi-Language Runtime}},
  journal = toplas,
  publisher = {ACM},
  year = 2018,
  volume = 40,
  number = 2,
  pages = {1--43},
  month = jun,
  note = {}
}

@INPROCEEDINGS{Bolz09,
  author = {Bolz, Carl Friedrich and Cuni, Antonio and Fijalkowski, Maciej and Rigo, Armin},
  title = {{Tracing the Meta-Level: PyPy's Tracing JIT Compiler}},
  booktitle = {{Proceedings of  the 4th Worksop on the Implementation, Compilation, Optimization of Object-Oriented Languages and Programming Systems (ICOOOLPS'09)}},
  year = 2009,
  editor = {Rogers, Ian},
  pages = {18--25},
  address = {Genoa, Italy},
  organization = {},
  publisher = {ACM},
  volume = {},
  number = {},
  series = {},
  month = jul,
  note = {}
}

@BOOK{Box02,
  author = {Box, Don and Sells, Chris},
  editor = {},
  title = {{Essential .Net: The Common Language Runtime}},
  publisher = {Addison-Wesley},
  year = 2002,
  address = {},
  edition = {},
  volume = 1,
  number = {},
  series = {},
  month = nov,
  note = {}
}

@BOOK{Ponticelli08,
  author = {Ponticelli, Franco and McColl-Sylveste, Lee},
  editor = {},
  title = {{Professional haXe and Neko}},
  publisher = {John Wiley and Sons},
  year = 2008,
  address = {},
  edition = {},
  volume = {},
  number = {},
  series = {},
  month = feb,
  note = {}
}

@TECHREPORT{ISO18,
  author = {{{ISO/IEC International Standard}}},
  title = {{Information Technology---Programming Languages---C}},
  institution = {},
  year = 2018,
  type = {Standard},
  number = {ISO/IEC 9899},
  address = {},
  month = jun,
  note = {}
}

@INPROCEEDINGS{Amin16,
  author = {Amin, Nada and Tate, Ross},
  title = {{Java and Scala's Type Systems Are Unsound: The Existential Crisis of Null Pointers}},
  booktitle = {{Proceedings of the 31st International Conference on Object-Oriented Programming, Systems, Languages, and Applications (OOPSLA'16)}},
  year = 2016,
  editor = {Smaragdakis, Yannis},
  pages = {838--848},
  address = {Amsterdam, Netherlands},
  organization = {},
  publisher = {ACM},
  volume = {},
  number = {},
  series = {},
  month = nov,
  note = {}
}

@ARTICLE{Chan04,
  author = {Chan, Jien-Tsai and Yang, Wuu and Huang, Jing-Wei},
  title = {{Traps in Java}},
  journal = {{Journal of Systems and Software}},
  publisher = {Elsevier},
  year = 2004,
  volume = 72,
  number = {},
  pages = {33--47},
  month = jun,
  note = {}
}

@INPROCEEDINGS{Felleisen15,
  author = {Felleisen, Matthias and Findler, Robert Bruce and Flatt, Matthew and Krishnamurthi, Shriram and Barzilay, Eli and McCarthy, Jay and Tobin-Hochstadt, Sam},
  title = {{The Racket Manifesto}},
  booktitle = {{Proceedings of the 1st Summit on Advances in Programming Languages (SNAPL'15)}},
  year = 2015,
  editor = {Krishnamurthi, Shriram and Morrisett, Greg},
  pages = {113--128},
  address = {Asilomar, CA, USA},
  organization = {},
  publisher = {Schloss Dagstuhl--Leibniz-Zentrum f\"ur Informatik},
  volume = {},
  number = {},
  series = {Leibniz International Proceedings in Informatics 32},
  month = may,
  note = {}
}

@INPROCEEDINGS{Findler98,
  author = {Findler, Robert Bruce and Flatt, Matthew},
  title = {{Modular Object-Oriented Programming with Units and Mixins}},
  booktitle = {{Proceedings of th e3rd International Conference on Functional Programming (ICFP'98)}},
  year = 1998,
  editor = {Felleisen, Matthias and Hudak, Paul and Queinnec, Christian},
  pages = {94--104},
  address = {Baltimore, MD, USA},
  organization = {},
  publisher = {ACM},
  volume = {},
  number = {},
  series = {},
  month = sep,
  note = {}
}

@INPROCEEDINGS{Steele94,
  author = {Steele, Guy L.},
  title = {{Building Interpreters by Composing Monads}},
  booktitle = {{Proceedings of the 21st Symposium on Principles of Programming Languages (POPL'94)}},
  year = 1994,
  editor = {Boehm, Hans-J. and Lang, Bernard and Yellin, Daniel},
  pages = {472--492},
  address = {Portland, OR, USA},
  organization = {},
  publisher = {ACM},
  volume = {},
  number = {},
  series = {},
  month = jan,
  note = {}
}

@INPROCEEDINGS{Wurthinger14,
  author = {W\"urthinger, Thomas},
  title = {{Graal and Truffle: Modularity and Separation of Concerns as Cornerstones for Building a Multipurpose Runtime}},
  booktitle = {{Companion Proceedings of the 13th International Conference on Modularity (Companion Modularity'14)}},
  year = 2014,
  editor = {},
  pages = {3--4},
  address = {Lugano, Switzerland},
  organization = {},
  publisher = {ACM},
  volume = {},
  number = {},
  series = {},
  month = apr,
  note = {}
}

@INPROCEEDINGS{Niephaus19,
  author = {Niephaus, Fabio and Felgentreff, Tim and Hirschfeld, Robert},
  title = {{GraalSqueak: Toward a Smalltalk-Based Tooling Platform for Polyglot Programming}},
  booktitle = {{Proceedings of the 16th International Conference on Managed Programming Languages and Runtimes (MPLR'19)}},
  year = 2019,
  editor = {Finocchi, Irene},
  pages = {14--26},
  address = {Athens, Greece},
  organization = {},
  publisher = {ACM},
  volume = {},
  number = {},
  series = {},
  month = oct,
  note = {}
}

@INPROCEEDINGS{Kloibhofer20,
  author = {Kloibhofer, Sebastian and Pointhuber, Thomas and Heisinger, Maximilian and M\"ossenb\"ock, Hanspeter and Stadler, Lukas and Leopoldseder, David},
  title = {{SymJEx: Symbolic Execution on te GraalVM}},
  booktitle = {{Proceedings of the 17th International Conference on Managed Programming Languages and Runtimes (MPLR'20)}},
  year = 2020,
  editor = {Marr, Stefan},
  pages = {63--72},
  address = {},
  organization = {},
  publisher = {ACM},
  volume = {},
  number = {},
  series = {},
  month = nov,
  note = {}
}

@INPROCEEDINGS{Latifi21,
  author = {Latifi, Florian and Leopoldseder, David and Wimmer, Cristian and M\"ossenb\"ock, Hanspeter},
  title = {{CompGen: Generation of Fast JIT Compilers in a Multi-Language VM}},
  booktitle = {{Proceedings of the 17th International Symposium on Dynamic Languages (DLS'21)}},
  year = 2021,
  editor = {Guha, Arjun},
  pages = {35--47},
  address = {Chicago, IL, USA},
  organization = {},
  publisher = {ACM},
  volume = {},
  number = {},
  series = {},
  month = oct,
  note = {}
}

@INCOLLECTION{DiazBilotto16,
  author = {D{\'\i}az Bilotto, Pablo Nicol\'as and Favre, Liliana},
  title = {{Migrating Java to Mobile Platforms through HaXe: An MDD Approach}},
  booktitle = {{Modern Software Engineering Methodologies for Mobile and Cloud Environments}},
  publisher = {{IGI Global}},
  year = 2016,
  chapter = 13,
  pages = {240--268},
  address = {},
  editor = {Rosado da Cruz, Ant\'onio Miguel and Paiva, Sara},
  volume = {},
  number = {},
  series = {},
  type = {},
  edition = {},
  month = jan,
  note = {}
}

@INPROCEEDINGS{Ling22,
  author = {Ling, Michael and Yu, Yijun and Wu, Haitao and Wang, Yuan and Cordy, James R. and Hassan, Ahmed E.},
  title = {{In Rust We Trust: A Transpiler from Unsafe C to Safer Rust}},
  booktitle = {{Companion Proceedings of the 44th International Conference on Software Engineering (ICSE'22-Companion)}},
  year = 2022,
  editor = {},
  pages = {354--355},
  address = {Pittsburgh, PA, USA},
  organization = {},
  publisher = {IEEE},
  volume = {},
  number = {},
  series = {},
  month = may,
  note = {}
}

@INPROCEEDINGS{Lunnikivi20,
  author = {Lunnikivi, Henri and Jylkk\"a, Kai and H\"am\"al\"ainen, Timo},
  title = {{Transpiling Python to Rust for Optimized Performance}},
  booktitle = {{Proceedings of the 20th International Conference on Embedded Computer Systems: Architectures, Modeling and Simulation (SAMOS'20)}},
  year = 2020,
  editor = {Orailoglu, Alex and Jung, Matthias and Reichenbach, Marc},
  pages = {127--138},
  address = {Samos, Greece},
  organization = {},
  publisher = {Springer},
  volume = {},
  number = {},
  series = {Lecture Notes in Computer Science 12471},
  month = jul,
  note = {}
}

@ARTICLE{Quinlan00,
  author = {Quinlan, Dan},
  title = {{ROSE: Compiler Support for Object-Oriented Frameworks}},
  journal = {{Parallel Processing Letters}},
  publisher = {World Scientific},
  year = 2000,
  volume = 10,
  number = 2,
  pages = {215--226},
  month = jun,
  note = {}
}

@INPROCEEDINGS{Quinlan11,
  author = {Quinlan, Dan and Liao, Chunhua},
  title = {{The Rose Source-to-Source Compiler Infrastructure}},
  booktitle = {{Proceedings of the Cetus Users and Compiler Infrastructure Workshop}},
  year = 2011,
  editor = {Midkiff, Sam and Eigenmann, Rudi and Bae, Hansang},
  pages = {1--3},
  address = {Galveston, TX, USA},
  organization = {},
  publisher = {},
  volume = {},
  number = {},
  series = {},
  month = oct,
  note = {}
}

@INPROCEEDINGS{Folliot98,
  author = {Folliot, Berti and Piumarta, Ian and Riccardi, Fabio},
  title = {{A Dynamically Configurable, Multi-Language Execution Platform}},
  booktitle = {{Proceedings of the 8th ACM SIGOPS European Workshop on Support for Composing Distributed Applications (EW'98)}},
  year = 1998,
  editor = {Guedes, Paulo and Bacon, Jean},
  pages = {175--181},
  address = {Sintra, Portugal},
  organization = {},
  publisher = {ACM},
  volume = {},
  number = {},
  series = {},
  month = sep,
  note = {}
}

@INPROCEEDINGS{Wolczko99,
  author = {Wolczko, Mario and Agesen. Ole and Ungar, David},
  title = {{Towards a Universal Implementation Substrate for Object-Oriented Languages}},
  booktitle = {{Proceedings of the OOPSLA Workshop on Simplicity, Performance and Portability in Virtual Machine Design (WSPPVMD'99)}},
  year = 1999,
  editor = {},
  pages = {},
  address = {Denver, CO, USA},
  organization = {},
  publisher = {},
  volume = {},
  number = {},
  series = {},
  month = nov,
  note = {}
}

@INCOLLECTION{Backus78,
  author = {Backus, John},
  title = {{The History of Fortran I, II and III}},
  booktitle = {{History of Programming Languages}},
  publisher = {ACM},
  year = 1978,
  chapter = {},
  pages = {25--74},
  address = {},
  editor = {Wexelblat, Richard L.},
  volume = {},
  number = {},
  series = {},
  type = {},
  edition = {},
  month = jun,
  note = {}
}

@ARTICLE{Bright20,
  author = {Bright, Walter and Alexandrescu, Andrei and Parker, Michael},
  title = {{Origins of the D Programming Language}},
  journal = {{Proceedings of the ACM on Programming Languages}},
  publisher = {ACM},
  year = 2020,
  volume = 4,
  number = {HOPL},
  pages = {1--38},
  month = jun,
  note = {}
}

@ARTICLE{Loveman77,
  author = {Loveman, David B.},
  title = {{Program Improvement by Source-to-Source Transformation}},
  journal = {{Journal of the ACM}},
  publisher = {ACM},
  year = 1977,
  volume = 24,
  number = 1,
  pages = {121--145},
  month = jan,
  note = {}
}

@INCOLLECTION{Shetty19,
  author = {Shetty, Nishanth and Saldanha, Nikhil and Thippeswamy, M. N.},
  title = {{CRUST: A C/C++ to Rust Transpiler Using a ``Nano-parser Methodology''' to Avoid C/C++ Safety Issues in Legacy Code}},
  booktitle = {{Emerging Research in Computing, Information, Communication and Applications}},
  publisher = {Springer},
  year = 2019,
  chapter = {},
  pages = {241--250},
  address = {},
  editor = {},
  volume = {},
  number = {},
  series = {Advances in Intelligent Systems and Computing 882},
  type = {},
  edition = {},
  month = may,
  note = {}
}

@ARTICLE{Alias07,
  author = {Alias, Christophe and Baray, Fabrice and Darte, Alain},
  title = {{Bee+Cl@k: An Implementation of Lattice-Based Array Contraction in the Source-to-Source Translator ROSE}},
  journal = {{Sigplan Notices}},
  publisher = {ACM},
  year = 2007,
  volume = 42,
  number = 7,
  pages = {73--82},
  month = jun,
  note = {}
}

@INPROCEEDINGS{Baxter04,
  author = {Baxter, Ira D. and Pidgeon, Christopher and Mehlich, Michael},
  title = {{DMS\textsuperscript{\textregistered}: Program Transformations for Practical Scalable Software Evolution}},
  booktitle = {{Proceedings of the 26th International Conference on Software Engineering (ICSE'04)}},
  year = 2004,
  editor = {Estublier, Jacky and Rosenblum, David},
  pages = {625--634},
  address = {Edinburgh, Scotland},
  organization = {},
  publisher = {IEEE},
  volume = {},
  number = {},
  series = {},
  month = may,
  note = {}
}

@INPROCEEDINGS{Schordan03,
  author = {Schordan, Markus and Quinlan, Dan},
  title = {{A Source-to-Source Architecture for User-Defined Optimizations}},
  booktitle = {{Proceedings of the Joint Modular Language Conference (JML'03)}},
  year = 2003,
  editor = {B\"osz\"orm\'enyi, L\'aszl\'o and Schojer, Peter},
  pages = {214--223},
  address = {Klagenfurt, Austria},
  organization = {},
  publisher = {Springer},
  volume = {},
  number = {},
  series = {Lecture Notes in Computer Science 2789},
  month = aug,
  note = {}
}

@INPROCEEDINGS{Baghdadi19,
  author = {Baghdadi, RiYadh and Ray, Jessica and Romdhane, Malek Ben and Del Sozzo, Emanuele and Akkas, Abdurrahman and Zhang, Yunming and Suriana, Patricia and Kamil, Shoaib and Amarasinghe, Saman},
  title = {{\textsc{Tiramisu}: A Polyhedral Compiler for Expressing Fast and Portable Code}},
  booktitle = {{Proceedings of the 17th International Symposium on Code Generation and Optimization (CGO'19)}},
  year = 2019,
  editor = {Jimborean, Alexandra and Moseley, Tipp},
  pages = {193--205},
  address = {Washington, DC, USA},
  organization = {},
  publisher = {IEEE},
  volume = {},
  number = {},
  series = {},
  month = feb,
  note = {}
}

@INPROCEEDINGS{Lattner04,
  author = {Lattner, Chris and Adve, Vikram},
  title = {{LLVM: A Compilation Framework for Lifelong Program Analysis and Transformation}},
  booktitle = {{Proceedings of the 2nd International Symposium on Code Generation and Optimization (CGO'04)}},
  year = 2004,
  editor = {Smith, Michael D.},
  pages = {75--86},
  address = {San Jos\'e, CA, USA},
  organization = {},
  publisher = {IEEE},
  volume = {},
  number = {},
  series = {},
  month = mar,
  note = {}
}

