@INPROCEEDINGS{Kuehn15,
  author = {K\"uhn, Thomas and B\"ohme, Stephan and G\"otz, Sebastian and A{\ss}mann, Uwe},
  title = {{A Combined Formal Model for Relational Context-Dependent Roles}},
  booktitle = {{Proceedings of the 2015 International Conference on Software Language Engineering (SLE'15)}},
  year = 2015,
  editor = {Di Ruscio, Davide and V\"olter, Markus},
  pages = {113-124},
  address = {Pittsburgh, PA, USA},
  organization = {},
  publisher = {},
  volume = {},
  number = {},
  series = {},
  month = oct,
  note = {}
}

@INPROCEEDINGS{Kuehn14,
  author = {K\"uhn, Thomas and Leuth\"auser, Max and G\"otz, Sebastian and Seidl, Christoph and A{\ss}mann, Uwe},
  title = {{A Metamodel Family for Role-Based Modeling and Programming Languages}},
  booktitle = {{Proceedings of the 7th International Conference Software Language Engineering (SLE'14)}},
  year = 2014,
  editor = {Combemale, Beno\^{\i}t and Pearce, David J. and Barais, Olivier and Vinju, J\"urgen},
  pages = {141--160},
  address = {V\"aster{\aa}s, Sweden},
  organization = {},
  publisher = {Springer},
  volume = {},
  number = {},
  series = {Lecture Notes in Computer Science 8706},
  month = sep,
  note = {}
}

@ARTICLE{Steimann00,
  author = {Steimann, Friedrich},
  title = {{On the Representation of Roles in Object-Oriented and Conceptual Modelling}},
  journal = {{Data and Knowledge Engineering}},
  publisher = {Elsevier},
  year = 2000,
  volume = 35,
  number = 1,
  pages = {83--106},
  month = oct,
  note = {}
}

@INPROCEEDINGS{Seidl14,
  author = {Seidl, Christoph and Schaefer, Ina and A{\ss}mann, Uwe},
  title = {{DeltaEcore---A Model-Based Delta Language Generation Framework}},
  booktitle = {{Proceedings of Modellierung}},
  year = 2014,
  editor = {Fill, Hans-Georg and Karagiannis, Dimitris and Reimer, Ulrich},
  pages = {81--96},
  address = {Wien, Austria},
  organization = {},
  publisher = {Springer},
  volume = {},
  number = {},
  series = {Lecture Notes in Informatics 225},
  month = mar,
  note = {}
}

@INPROCEEDINGS{Genovese07,
  author = {Genovese, Valerio},
  title = {{A Meta-Model for Roles: Introducing Sessions}},
  booktitle = {{Proceedings of the 2nd Workshop on  Roles and Relationships (ROLES'07)}},
  year = 2007,
  editor = {Boella, Guido and and G\"obel, Steffen and Steimann, Friedrich and Zschaler, Steffen},
  pages = {},
  address = {Berlin, Germany},
  organization = {},
  publisher = {},
  volume = {},
  number = {},
  series = {},
  month = jul,
  note = {}
}

@ARTICLE{Herrmann07,
  author = {Herrmann, Stephan},
  title = {{A Precise Model for Contextual Roles: The Programming Language ObjectTeams/Java}},
  journal = {{Applied Ontologies---Roles an Interdisciplinary Perspective}},
  publisher = {IOS Press},
  year = 2007,
  volume = 2,
  number = 2,
  pages = {181--207},
  month = apr,
  note = {}
}

@INPROCEEDINGS{Klarl14,
  author = {Klarl, Annabelle and Cichella, Lucia and Hennicker, Rolf},
  title = {{From Helena Ensemble Specifications to Executable Code}},
  booktitle = {{Proceedings of the 11th International Symposium on Formal Aspects of Component Software (FACS'14)}},
  year = 2014,
  editor = {Lanese, Ivan and Madelaine, Eric},
  pages = {183--190},
  address = {Bertinoro, Italy},
  organization = {},
  publisher = {Springer},
  volume = {},
  number = {},
  series = {Lecture Notes in Computer Science 8997},
  month = sep,
  note = {}
}

@INPROCEEDINGS{He06,
  author = {He, Chengwan and Nie, Zhijie and Li, Bifeng and Cao, Lianlian},
  title = {{Rava: Designing a Java Extension with Dynamic Object Roles}},
  booktitle = {{Proceedings of the 13th Annual IEEE International Symposium and Workshop on Engineering of Computer Based Systems (ECBS'06)}},
  year = 2006,
  editor = {Riebisch, Matthias and Tabeling, Peter and Zorn, Werner},
  pages = {459--464},
  address = {Potsdam, Germany},
  organization = {},
  publisher = {IEEE},
  volume = {},
  number = {},
  series = {},
  month = mar,
  note = {}
}

@INPROCEEDINGS{Baldoni06,
  author = {Baldoni, Matteo and Boella, Guido and van der Torre, Leendert},
  title = {{PowerJava: Ontologically Founded Roles in Object Oriented Programming Languages}},
  booktitle = {{Proceedings of the 2006 ACM Symposium on Applied Computing (SAC'06)}},
  year = 2006,
  editor = {},
  pages = {1414--1418},
  address = {Dijon, France},
  organization = {ACM},
  publisher = {},
  volume = {},
  number = {},
  series = {},
  month = apr,
  note = {}
}

@INPROCEEDINGS{Arnaudo07,
  author = {Arnaudo, Erik and Baldoni, Matteo and Boella, Guido and Genovese, Valerio and Grenna, Roberto},
  title = {{An Implementation of Roles as Affordances: PowerJava}},
  booktitle = {{Proceedings of the Workshop ``From Objects to Agents'' (WOA'07)}},
  year = 2007,
  editor = {Baldoni, Matteo and Boccalatte, Antonio and De Paoli, Flavio and Martelli, Maurizio and Mascardi, Viviana},
  pages = {8--13},
  address = {Genova, Italy},
  organization = {},
  publisher = {Seneca Edizioni},
  volume = {},
  number = {},
  series = {},
  month = sep,
  note = {}
}


@INCOLLECTION{Herrmann05,
  author = {Herrmann, Stephan},
  title = {{Programming with Roles in ObjectTeams/Java}},
  booktitle = {{Roles: An Interdisciplinary Perspective}},
  publisher = {AAAI Press},
  year = 2005,
  chapter = {},
  pages = {},
  address = {},
  editor = {},
  volume = {},
  number = {},
  series = {},
  type = {},
  edition = {},
  month = {},
  note = {}
}

@INPROCEEDINGS{Balzer07,
  author = {Balzer, Stephanie and Gross, Thomas R. and Eugster, Patrick},
  title = {{A Relational Model of Object Collaborations and Its Use in Reasoning About Relationships}},
  booktitle = {{Proceedings of the 21st European Conference on Object-Oriented Programming (ECOOP'07)}},
  year = 2007,
  editor = {Ernst, Erik},
  pages = {323--346},
  address = {Berlin, Germany},
  organization = {},
  publisher = {},
  volume = {},
  number = {},
  series = {Lecture Notes in Computer Science 4609},
  month = aug,
  note = {}
}

@PHDTHESIS{Balzer11,
  author = {Balzer, Stephanie},
  title = {{Rumer: a Programming Language and Modular Verification Technique Based on Relationships}},
  school = {{ETH Z\"urich}},
  year = 2011,
  address = {Z\"urich, Switzerland},
  type = {},
  month = {},
  note = {}
}

@INPROCEEDINGS{Harkes14,
  author = {Harkes, Daco and Visser, Eelco},
  title = {{Unifying and Generalizing Relations in Role-Based Data Modeling and Navigation}},
  booktitle = {{Proceedings of the 7th International Conference on Software Language Engineering (SLE'07)}},
  year = 2014,
  editor = {Combemale, Beno{\^\i}t and Pearce, David J. and Barais, Olivier and Vinju, Jurgen J.},
  pages = {241--260},
  address = {V\"aster{\aa}s, Sweden},
  organization = {},
  publisher = {},
  volume = {},
  number = {},
  series = {Lecture Notes in Computer Science 8706},
  month = sep,
  note = {}
}

@INPROCEEDINGS{Graversen03,
  author = {Graversen, Kasper B. and {\O}sterbye, Kasper},
  title = {{Implementation of a Role Language for Object-Specific Dynamic Separation of Concerns}},
  booktitle = {{Proceedings of the 1st Worskhop on Software-engineering Properties of Languages for Aspect Technologies (SPLAT'03)}},
  year = 2003,
  editor = {Bergmans, Lodewijk and Tarr, Peri and Brichau, Johan and Ernst, Erik},
  pages = {},
  address = {Boston, MA, USA},
  organization = {},
  publisher = {},
  volume = {},
  number = {},
  series = {},
  month = mar,
  note = {}
}

@ARTICLE{Baldoni05,
  author = {Baldoni, Matteo and Boella, Guido and van der Torre, Leendert},
  title = {{Roles as a Coordination Construct: Introducing powerJava}},
  journal = {{Electronic Notes in Theoretical Computer Science}},
  publisher = {Elsevier},
  year = 2006,
  volume = 150,
  number = 1,
  pages = {9--29},
  month = mar,
  note = {}
}

@INPROCEEDINGS{Pradel08,
  author = {Pradel, Michael and Odersky, Martin},
  title = {{Scala Roles: Reusable Object Collaborations in a Library}},
  booktitle = {{Proceedings of the 3rd International Conference on Software and Data Technologies (ICSOFT'08)}},
  year = 2008,
  editor = {Cordeiro, Jos\'e and Shishkov, Boris and Ranchordas, AlpeshKumar and Helfert, Markus},
  pages = {23--36},
  address = {Porto, Portugal},
  organization = {},
  publisher = {Springer},
  volume = {},
  number = {},
  series = {CCIS 47},
  month = jul,
  note = {}
}

@INPROCEEDINGS{Kamina09,
  author = {Kamina, Tetsuo and Tamai, Tetsuo},
  title = {{Towards Safe and Flexible Object-Adaptation}},
  booktitle = {{Proceedings of the International Workshop on Context-Oriented Programming (COP'09)}},
  year = 2009,
  editor = {Costanza, Pascal and Gabriel, Richard P. and Hirshfeld, Robert and Vallejos, Jorge},
  pages = {},
  address = {Genova, Italy},
  organization = {},
  publisher = {ACM},
  volume = {},
  number = {},
  series = {},
  month = jul,
  note = {}
}

@INCOLLECTION{Barbosa12,
  author = {Barbosa, Fernando S\'ergio and Aguiar, Ademar},
  title = {{Modeling and Programming with Roles: Introducing JavaStage}},
  booktitle = {{New Trends in Software Methodologies, Tools and Techniques}},
  publisher = {IOS Press},
  year = 2012,
  chapter = {},
  pages = {124--145},
  address = {},
  editor = {},
  volume = {},
  number = {},
  series = {},
  type = {},
  edition = {},
  month = {},
  note = {}
}

@INPROCEEDINGS{Leuthaeuser15,
  author = {Leuth\"auser, Max and A{\ss}mann, Uwe},
  title = {{Enabling View-Based Programming with SCROLL: Using Roles and Dynamic Dispatch for Establishing View-Based Programming}},
  booktitle = {{Proceedings of the 2015 Joint MORSE/VAO Workshop on Model-Driven Robot Software Engineering and View-based Software-Engineering (MORSE/VAO'15)}},
  year = 2015,
  editor = {A{\ss}mann, Uwe and Atkinson, Colin and Burger, Erik and Goldschmidt, Thomas and Reussner, Ralf},
  pages = {25--33},
  address = {L'Aquila, Italy},
  organization = {},
  publisher = {},
  volume = {},
  number = {},
  series = {},
  month = jul,
  note = {}
}
