@INPROCEEDINGS{Yu07,
  author = {Yu, Dachauan and Chander, Ajay and Islam, Nayeem and Serikov, Igor},
  title = {{JavaScript Instrumentation for Browser Security}},
  booktitle = {{Proceedings of the 34th Annual ACM Symposium on Principle of Programming Languages (POPL'07)}},
  year = 2007,
  editor = {Hoffmann, Martin and Felleisen, Matthias},
  pages = {237--249},
  address = {Nice, France},
  organization = {ACM},
  publisher = {},
  volume = {},
  number = {},
  series = {},
  month = jan,
  note = {}
}

@ARTICLE{Kalajdzic11,
  author = {Kalajdzic, Kenan and Patel, Ahmed and Golafshan, Laleh and Taghavi, Mona},
  title = {{Design and Implementation of a Zero-Knowledge Authentication Framework for Java Card}},
  journal = {{International Journal of Information Security and Privacy}},
  year = 2011,
  volume = 5,
  number = 3,
  pages = {1--18},
  month = jul,
  note = {}
}

@INPROCEEDINGS{Bisht08,
  author = {Bisht, Prithvi and Venkatakrishnan, V. N.},
  title = {{XSS-GUARD: Precise Dynamic Prevention of Cross-Site Scripting Attacks}},
  booktitle = {{Proceedings of the 5th International Conference on Detection of Intrusions and Malware, and Vulnerability Assessment (DIMVA'08)}},
  year = 2008,
  editor = {Zamboni, Diego},
  pages = {23--43},
  address = {Paris, France},
  organization = {},
  publisher = {Springer},
  volume = {},
  number = {},
  series = {Lecture Notes in Computer Science 5137},
  month = jul,
  note = {}
}

@INPROCEEDINGS{Nanda07,
  author = {Nanda, Susanta and Lam, Lap-Chung and Chiueh, Tzi-cker},
  title = {{Dynamic Multi-Process Information Flow Tracking for Web Application Security}},
  booktitle = {{Proceedings of the 2007 ACM/IFIP/USENIX International Conference on Middleware Companion (MC'07)}},
  year = 2007,
  editor = {},
  pages = {},
  address = {Newport Beach, CA, USA},
  organization = {},
  publisher = {},
  volume = {},
  number = {},
  series = {},
  month = nov,
  note = {}
}


@ARTICLE{Lacoste00,
  author = {Marc Lacoste},
  title = {{Towards a Secure Platform for Distributed Mobile Object Computing}},
  journal = {{ACM SIGOPS Operating Systems Review}},
  volume = 34,
  number = 2,
  pages = {56--73},
  month = apr,
  year = 2000
}

@ARTICLE{Zhou99,
  author = {Lidong Zhou and Zygmunt J. Haas},
  title = {{Securing Ad Hoc Networks}},
  journal = {{IEEE Network}},
  volume = 13,
  number = 6,
  pages = {24--30},
  month = nov,
  year = 1999
}

@INPROCEEDINGS{Weimerskirch01,
  author = {Andr\'e Weimerskirch and Gilles Thonet},
  title = {{A Distributed Light-Weight Authentication Model for Ad-hoc Networks}},
  editor = {Kwangjo Kim},
  address = {Seoul, Korea},
  booktitle = {{Proceedings of the 4th International Conference on Information Security and Cryptology (ICISC 2001)}},
  publisher = {Springer},
  series    = {LNCS 2288},
  pages = {341--354},
  month = dec,
  year = 2001
}

@INPROCEEDINGS{Hubaux01,
  author = {Jean-Pierre Hubaux and Levente Butty\'an and Srdjan \v{C}apkun},
  title = {{The Quest for Security in Mobile Ad Hoc Networks}},
  booktitle = {{Proceeding of the 2nd ACM Symposium on Mobile Ad Hoc Networking and Computing}},
  address ={Long Beach, CA},
  month = oct,
  year = 2001
}

@ARTICLE{Rivest78,
 author = {Ronald L. Rivest and Adi Shamir and Leonard M. Adleman},
 title = {{A Method for Obtaining Digital Signatures and Public-Key Cryptosystems}},
 journal = cacm,
 year = 1978,
 volume = 21,
 number = 2,
 pages = {120--126},
 month = feb,
 note = {}
}

@INPROCEEDINGS{Bertino98b,
   author = {Elisa Bertino and Francesco Buccafurri and Elena Ferrari and Pasquale Rullo},
   title = {{An Authorization Model and Its Formal Semantics}},
   editor = {Jean-Jacques Quisquater and Yves Deswarte and Catherine Meadows and Dieter Gollmann},
   booktitle = {{Proceedings of 5th European Symposium on Research in Computer Security (ESORICS'98)}},
   series = {Lecture Notes in Computer Science},
   number = {1185},
   year = 1998,
   address = {Louvain-la-Neuve, Belgium},
   organization = {},
   publisher = {Springer-Verlag},
   pages = {127--142},
   month = sep,
   note = {}
}

@ARTICLE{Brewer89,
   author = {Forrest D.\ Brewer and Jonathan M.\ Nash},
   title = {{The Chinese Wall Security Policy}},
   journal = {IEEE Symposium on Security and Privacy},
   year = 1989,
   volume = {},
   pages = {215--228},
   month = {},
   note = {}
}

@INCOLLECTION{Edjlali99,
   author = {Guy Edjlali and Anurag Acharya and Vipin Chaudhary},
   title = {{History-Based Access Control for Mobile Code}},
   editor = {Jan Vitek and Christian Jensen},
   booktitle = {{Secure Internet Programming: Security Issues for Distributed and Mobile Objects}},
   series = {Lecture Notes in Computer Science},
   publisher = {Springer-Verlag},
   address = {},
   edition = {},
   month = jul,
   year = 1999,
   type = {},
   chapter = {},
   pages = {415--434},
   note = {},
}

@INCOLLECTION{Hartson76,
   author = {Rex H. Hartson and David K. Hsiao},
   title = {{A Semantic Model for Data Base Protection Languages}},
   editor = {P. C. Lockemann and E. J. Neuhold},
   booktitle = {{Systems for Large Data-Bases}},
   volume = {},
   series = {},
   publisher = {North-Holland Publishing Company},
   address = {},
   edition = {},
   month = {},
   year = 1976,
   type = {},
   chapter = {},
   pages = {27--42},
   note = {},
}

@ARTICLE{Hartson76b,
   author = {Rex H. Hartson and David K. Hsiao},
   title = {{Full Protection Specification in the Semantic Model for Data Base Protection Languages}},
   journal = {Proceedings of ACM},
   volume = {},
   month = {},
   year = 1976,
   pages = {90--95},
   note = {},
}

@BOOK{Fernandez81,
   author = {Eduardo B.\ Fernandez and Rita C.\ Summers and Christopher Wood},
   title = {{Database Security and Integrity}},
   volume = {},
   series = {},
   publisher = {Addison-Wesley},
   address = {Reading, Massachusetts},
   edition = {},
   month = {},
   year = 1981,
   note = {},
}

@ARTICLE{Lampson74,
 author = {Butler W. Lampson},
 title = {{Protection}},
 journal = {Operating System Review},
 year = 1974,
 volume = 8,
 number = 1,
 pages = {18--34},
 month = jan,
 note = {Reprint}
}

@ARTICLE{Bertino97,
 author = {Elisa Bertino and Alessandro Ciampichetti and Sushil Jajodia and Pierangela Samarati},
 title = {{Information Flow Control in Object-Oriented Systems}},
 journal = {IEEE Transaction on Knowledge and Data Engineering},
 year = 1997,
 volume = 9,
 number = 4,
 pages = {524--537},
 month = aug,
 note = {}
}

@ARTICLE{Bertino98,
 author = {Elisa Bertino and Sabrina De Capitani di Vimercati and Elena Ferrari and Pierangela Samarati},
 title = {{Exception-Based Information Flow Control in Object-Oriented Systems}},
 journal = {ACM Transactions on Information and System Security (TISSEC)},
 year = 1998,
 volume = 1,
 number = 1,
 pages = {},
 month = nov,
 note = {}
}

@ARTICLE{Sandhu96,
 author = {Ravi Sandhu and Edward J. Coyne and Hal L. Feinstein and Charles E. Youman},
 title = {{Role-Based Access Control Models}},
 journal = {IEEE Computer},
 year = 1996,
 volume = 29,
 number = 2,
 pages = {38--47},
 month = feb,
 note = {}
}

@ARTICLE{Sandhu94,
 author = {Ravi Sandhu and Pierangela Samarati},
 title = {{Access Control: Principles and Practice}},
 journal = {IEEE Communications},
 year = {1994},
 volume = {32(9)},
 pages = {},
 month = sep,
 note = {}
}

@ARTICLE{Sandhu92,
 author = {Ravi Sandhu},
 title = {{Lattice-Based Enforcement of Chinese Walls}},
 journal = {Computers and Security},
 year = {1992},
 volume = {11(8)},
 pages = {753--763},
 month = dec,
 note = {}
}

@MISC{Jaeger97,
   author = {Trent Jaeger and Nayeen Islam and Rangachari Anand and Atul Prakash and Jochen Liedtke},
   title = {{Flexible Control of Downloaded Executable Content}},
   howpublished = {http://www.ibm.com/Java/education/flexcontrol},
   month = {},
   year = {1997},
   pages = {},
   note = {},
}

@ARTICLE{Harrison76,
 author = {Michael A. Harrison and Walter L. Ruzzo and Jeffrey D.\ Ullman},
 title = {{Protection in Operating Systems}},
 journal = {Communication of the ACM},
 year = {1976},
 volume = {19(8)},
 pages = {461--471},
 month = aug,
 note = {}
}

@INPROCEEDINGS{Nicomette96,
 author = {Vincent Nicomette and Yves Deswarte},
 title = {{A Multilevel Security Model for Distributed Object Systems}},
 editor = {Elisa Bertino and Helmut Kurth and Giancarlo Martella and Emilio Montolivo},
 booktitle = {Lecture Notes in Computer Science},
 number = {1146},
 series = {Proceedings of 4th Symposium on Research in Computer Security (ESORICS'96)},
 year = {1996},
 address = {Rome, Italy},
 organization = {},
 publisher = {Springer Verlag},
 pages = {80--98},
 month = sep,
 note = {}
}

@INPROCEEDINGS{Fernandez93,
 author = {Eduardo B. Fernandez and Maria M. Larrondo-Petrie and Ehud Gudes},
 title = {{A Method-Based Authorization Model for Object-Oriented Databases}},
 editor = {},
 booktitle = {Proceedings of the \oopsla'93 Workshop on Security in Object-Oriented Systems},
 number = {},
 series = {},
 year = {1993},
 address = {},
 organization = {},
 publisher = {ACM},
 pages = {70--79},
 month = {},
 note = {}
}

@INPROCEEDINGS{Sonntag94,
 author = {Susann Sonntag and Hermann H\"{a}rtig and Oliver Kowalski and Winfried K\"{u}hnhauser and Wolfang Lux},
 title = {{Adaptability Using Reflection}},
 editor = {},
 booktitle = {Proceedings of the 27th Annual Hawaii International Conference on System Sciences},
 number = {},
 series = {},
 year = {1994},
 address = {},
 organization = {},
 publisher = {},
 pages = {383--392},
 month = {},
 note = {}
}

@INPROCEEDINGS{Schuller92,
 author = {P. Sch\"{u}ller and Hermann H\"{a}rtig and Winfried E. K\"{u}hnhauser and H. Streich},
 title = {{Performance of the \textsf{Birlix} Operating System}},
 editor = {},
 booktitle = {Proceedings of the Usenix Conference on Micro-kernels and Other Kernel Architectures},
 number = {},
 series = {},
 year = {1992},
 address = {Seattle, Washington},
 organization = {},
 publisher = {},
 pages = {147--160},
 month = apr,
 note = {}
}

@INPROCEEDINGS{Fernandez97,
 author = {Eduardo B.\ Fernandez and J. C. Hawkins},
 title = {{Determining Role Rights from Use Cases}},
 editor = {},
 booktitle = {{Proceedings of the 2nd \uppercase{ACM} \uppercase{W}orkshop on Role Based Access Control (RBAC'97)}},
 number = {},
 series = {},
 year = {1997},
 address = {},
 organization = {},
 publisher = {},
 pages = {121--125},
 month = nov,
 note = {}
}

@INPROCEEDINGS{Menze96,
 author = {Edwin Menze and F.\ Reynolds and F.\ Travostino},
 title = {{Programming with System Resources in Support of Real-Time Distributed Applications}},
 editor = {},
 booktitle = {Proceedings of the 1996 IEEE Workshop on Object-Oriented Real-Time Dependable Systems},
 number = {},
 series = {},
 year = {1996},
 address = {Laguna Beach, Ca},
 organization = {IEEE},
 publisher = {},
 pages = {36--45},
 month = feb,
 note = {}
}

@INPROCEEDINGS{Boebert85,
 author = {W. E. Boebert and R. Y. Kain},
 title = {{A Pratical Alternative to Hierarchical Integrity Policies}},
 editor = {},
 booktitle = {{Proceedings of 8th National Computing Security Conference}},
 number = {},
 series = {},
 year = 1985,
 address = {Gaithersburg},
 organization = {},
 publisher = {},
 pages = {},
 month = oct,
 note = {}
}

@TECHREPORT{Bell75,
 author = {Bell, David Elliott and La Padula, Leonard J.},
 title = {{Secure Computer Systems: Unified Exposition and Multics Interpretation}},
 institution = {MITRE Corporation},
 type = {},
 number = {MTR-2997},
 address = {Bedford MA},
 year = 1975,
 month = jul,
 note = {}
}

@TECHREPORT{Spatscheck97,
 author = {Spatscheck, Oliver and Peterson, Larry L.},
 title = {{Escort: A Path-Based OS Security Architecture}},
 institution = {Department of Computer Science, The University of Arizona},
 type = {Technical Report},
 number = {TR-97-17},
 address = {Tucson, AZ 85721},
 year = 1997,
 month = nov,
 note = {}
}

@TECHREPORT{Wagner99,
 author = {Wagner, David A.},
 title = {{Janus: an Approach for Confinement of Untrusted Applications}},
 institution = {University of California at Berkeley},
 year = 1999,
 type = {Technical Report},
 number = {CSD-99-1056},
 address = {},
 month = {},
 note = {}
}

@TECHREPORT{Symantec08,
 author = {"Symantec Enterprise Security"},
 title = {{Symantec Global Internet Security Threat Report --- Trends for July-December 2007}},
 institution = {Symantec},
 year = 2008,
 type = {White Paper},
 number = {},
 address = {},
 month = apr,
 note = {}
}

@INPROCEEDINGS{Wassermann07,
 author = {Wassermann, Gary and Su, Zhendong},
 title = {{Sound and Precise Analysis of Web Applications for Injection Vulnerabilities}},
 booktitle = {{Proceedings of the ACM SIGPLAN 2007 Conference on Programming Language Design and Implementation (PLDI'07)}},
 year = 2007,
 editor = {},
 pages = {32--41},
 address = {San Diego, CA, USA},
 organization = {},
 publisher = {},
 volume = {},
 number = {},
 series = {},
 month = jun,
 note = {}
}

@ARTICLE{Raman09,
 author = {Raman, T. V.},
 title = {{Toward 2${}^\mathcal{W}$, Beyond Web 2.0}},
 journal = cacm,
 year = 2009,
 volume = 52,
 number = 2,
 pages = {52--59},
 month = feb,
 note = {}
}

@ARTICLE{Chong09,
 author = {Chong, Stephen and Liu, Jed and Myers, Andrew C. and Qi, Xin and Vikram, K. and Zheng, Lantian and Zheng, Xin},
 title = {{Toward 2${}^\mathcal{W}$, Beyond Web 2.0}},
 journal = cacm,
 year = 2009,
 volume = 52,
 number = 2,
 pages = {79--87},
 month = feb,
 note = {}
}

@INPROCEEDINGS{Peterson02,
 author = {Peterson, David S. and Bishop, Matt and Pandey, Raju},
 title = {{A Flexible Containment Mechanism for Executing Untrusted Code}},
 booktitle = {{Proceedings of the 11\textsuperscript{th} USENIX Security Symposium}},
 year = 2002,
 editor = {},
 pages = {207--225},
 address = {San Francisco, CA, USA},
 organization = {},
 publisher = {},
 volume = {},
 number = {},
 series = {},
 month = aug,
 note = {}
}

@INPROCEEDINGS{Pietraszek05,
 author = {Pietraszek, Tadeusz and Vanden Berghe, Chris},
 title = {{Defending against Injection Attacks through Context-Sensitive String Evaluation}},
 booktitle = {Proceedings of the 8\textsuperscript{th} International Symposium on Recent Advances in Intrusion Detection (RAID'05)},
 year = 2005,
 editor = {},
 pages = {124--145},
 address = {Seattle, WA, USA},
 organization = {},
 publisher = {Springer},
 volume = {},
 number = {},
 series = {LNCS 3858},
 month = sep,
 note = {}
}

@INPROCEEDINGS{Newsome05,
 author = {Newsome, James and Song, Dawn Xiadong},
 title = {{Dynamic Taint Analysis for Automatic Detection, Analysis, and Signature Generation of Exploits on Commodity Software}},
 booktitle = {Proceedings of the 12\textsuperscript{th} Annual Network and Distributed System Security Symposium (NDSS'05)},
 year = 2005,
 editor = {},
 pages = {},
 address = {San Diego, CA, USA},
 organization = {},
 publisher = {},
 volume = {},
 number = {},
 series = {},
 month = feb,
 note = {}
}

@INPROCEEDINGS{Nguyen-Tuong05,
 author = {Nguyen-Tuong, Anh and Guarnieri, Salvatore and Greene, Doug and Shirley, Jeff and Evans, David},
 title = {{Automatically Hardening Web Applications Using Precise Tainting}},
 booktitle = {{Proceedings of the 20\textsuperscript{th} IFIP International Information Security Conference (SEC'05)}},
 year = 2005,
 editor = {},
 pages = {},
 address = {Chiba, Japan},
 organization = {},
 publisher = {},
 volume = {},
 number = {},
 series = {},
 month = may#"/"#jun,
 note = {}
}

@INPROCEEDINGS{DeKeukelaere08,
 author = {De Keukelaere, Frederik and Bhola, Sumeer and Steiner, Michael and Chari, Suresh and Yoshihama, Sachiko},
 title = {{SMash: Secure Component Model for Cross-Domain Mashups on Unmodified Browsers}},
 booktitle = {{Proceeding of the 17\textsuperscript{th} International Conference on World Wide Web (WWW'08)}},
 year = 2008,
 editor = {},
 pages = {},
 address = {Beijing, China},
 organization = {},
 publisher = {},
 volume = {},
 number = {},
 series = {},
 month = apr,
 note = {}
}

@INCOLLECTION{Cova07,
 author = {Cova, Marco and Felmetsger, Viktoria and Vigna, Giovanni},
 title = {{Vulnerability Analysis of Web-Based Applications}},
 booktitle = {{Test and Analysis of Web Services}},
 publisher = {Springer},
 year = 2007,
 chapter = 13,
 pages = {363--394},
 address = {},
 editor = {Baresi, Luciano and Nitto, Elisabetta},
 volume = {},
 number = {},
 series = {},
 type = {},
 edition = {},
 month = {},
 note = {}
}

@INPROCEEDINGS{Hallaraker05,
 author = {Hallaraker, Oystein and Vigna, Giovanni},
 title = {{Detecting Malicious JavaScript Code in Mozilla}},
 booktitle = {{Proceedings of the 10\textsuperscript{th} IEEE International Conference on Engineering of Complex Computer Systems (ICECCS'05)}},
 year = 2005,
 editor = {},
 pages = {85--94},
 address = {},
 organization = {},
 publisher = {},
 volume = {},
 number = {},
 series = {},
 month = jun,
 note = {}
}

@INPROCEEDINGS{Huang04,
 author = {Huang, Yao-Wen and Yu, Fang and Hang, Christian and Tsai, Chung-Hung and Lee, Der-Tsai and Kuo, Sy-Yen},
 title = {{Securing Web Application Code by Static Analysis and Runtime Protection}},
 booktitle = {{Proceedings of the 13\textsuperscript{th} International Conference on World Wide Web (WWW'04)}},
 year = 2004,
 editor = {},
 pages = {40--52},
 address = {New York, NY, USA},
 organization = {},
 publisher = {},
 volume = {},
 number = {},
 series = {},
 month = may,
 note = {}
}

@INPROCEEDINGS{Monga09,
 author = {Monga, Mattia and Paleari, Roberto and Passerini, Emanuele},
 title = {{A Hybrid Analysis Framework for Detecting Web Application Vulnerabilities}},
 booktitle = {{Proceedings of the 2009 ICSE Workshop on Software Engineering for Secure Systems (SES'09)}},
 year = 2009,
 editor = {},
 pages = {25--32},
 address = {Vancouver, Canada},
 organization = {},
 publisher = {},
 volume = {},
 number = {},
 series = {},
 month = may,
 note = {}
}

@INPROCEEDINGS{Halfond06,
 author = {Halfond, William G. J. and Viegas, Jeremy and Orso, Alessandro},
 title = {{A Classification of SQL-Injection Attacks and Countermeasures}},
 booktitle = {{Proceedings of the IEEE International Symposium on Secure Software Engineering}},
 year = 2006,
 editor = {},
 pages = {},
 address = {Arlington, VA, USA},
 organization = {},
 publisher = {},
 volume = {},
 number = {},
 series = {},
 month = mar,
 note = {}
}

@INPROCEEDINGS{Balasubramanian17,
  author = {Balasubramanian, Abhiram and Baranowski, Marek and Burtsev, Anton and Panda, Aurojit and Rakamari\'c, Zvonimir and Ryzhyk, Leonid},
  title = {{System Programming in Rust: Beyond Safety}},
  booktitle = {{Proceedings of the 16th Eorkshop on Hot Topics in Operating Systems (HotOS'17)}},
  year = 2017,
  editor = {Federova, Alexandra and Warfield, Andrew},
  pages = {156--161},
  address = {Whistler, BC, Canada},
  organization = {},
  publisher = {ACM},
  volume = {},
  number = {},
  series = {},
  month = may,
  note = {}
}

@ARTICLE{Homaei17,
  author = {Homaei, Hossein and Shahriari, Hamid Reza},
  title = {{Seven Years of Software Vulnerabilities: The Ebb and Flow}},
  journal = {{IEEE Security \& Privacy}},
  publisher = {IEEE},
  year = 2017,
  volume = 15,
  number = 1,
  pages = {68--65},
  month = feb,
  note = {}
}

@INPROCEEDINGS{Chowdhury10,
  author = {Chowdhury, Istehad and Zulkernine, Mohammed},
  title = {{Can Complexity, Coupling, and Cohesion Metrics Be Used as Early Indicators of Vulnerabilities?}},
  booktitle = {{Proceedings of the 25th Annual ACM Symposium on Applied Computing (SAC'10)}},
  year = 2010,
  editor = {},
  pages = {1963--1969},
  address = {Sierre, Switzerland},
  organization = {},
  publisher = {ACM},
  volume = {},
  number = {},
  series = {},
  month = mar,
  note = {}
}

@UNPUBLISHED{Poll19,
  author = {Poll, Erik},
  title = {{Language-Based Security}},
  note = {Lecture Notes},
  year = 2019,
  month = sep
}

@TECHREPORT{Dillon18,
  author = {Dillon, Sean and Davis, Dylan},
  title = {{EternalBlue: Exploit Analysis and Port to Microsoft Windows 10}},
  institution = {RiskSense},
  year = 2018,
  type = {White Paper},
  number = {},
  address = {},
  month = may,
  note = {}
}

@TECHREPORT{Eastlake01,
  author = {Eastlake, Donald and Jones, Paul},
  title = {{US Secure Hash Algorithm 1 (SHA1)}},
  institution = {RFC Editor},
  year = 2001,
  type = {RFC},
  number = {3174},
  address = {},
  month = sep,
  note = {}
}

@INPROCEEDINGS{Wang05,
  author = {Wang, Xiaoyun and Yin, Yiquin Lisa and Yu, Hongboj},
  title = {{Finding Collisions in the Full SHA-1}},
  booktitle = {{Proceedings of the 25th International Cryptology Conference (CRYPTO'05)}},
  year = 2005,
  editor = {Shoup, Victor},
  pages = {17--36},
  address = {Santa Barbara, CA, USA},
  organization = {},
  publisher = {Springer},
  volume = {},
  number = {},
  series = {Lecture Notes in Computer Science 3621},
  month = aug,
  note = {}
}
