@TECHREPORT{Nunes08,
  author = {Baz{\'\i}lio Nunes, Camila Patr{\'\i}cia and Oliveira de Nunes, Ingrid and Kulesza, Uir\'a and Pereira de Lucena, Carlos Jos\'e},
  title = {{Developing and Evolving Multi-Agent System Product Lines}},
  institution = {Pontif{\'\i}cia Universidade Cat\'olica do Rio de Janeiro},
  year = 2008,
  type = {Monografias em Ci\^encia da Computa\c{c}\~ao},
  number = {01/08},
  address = {Rio de Janeiro, Brazil},
  month = {},
  note = {}
}

@BOOK{Pohl05,
  author = {Pohl, Klaus and B\"ockle, Klaus and van der Linden, Frank J.},
  editor = {},
  title = {{Software Product Line Engineering: Foundations, Principles and Techniques}},
  publisher = {Springer},
  year = 2005,
  address = {},
  edition = {},
  volume = {},
  number = {},
  series = {},
  month = {},
  note = {}
}

@INPROCEEDINGS{Krueger04,
  author = {Krueger, Charles W.},
  title = {{Towards a Taxonomy for Software Product Lines}},
  booktitle = {{Proceedings of the 5th International Workshop on Software Product-Family Engineering (PFE'03)}},
  year = 2003,
  editor = {van der Linden, Frank J.},
  pages = {323--331},
  address = {Siena, Italy},
  organization = {},
  publisher = {Springer},
  volume = {},
  number = {},
  series = {Lecture Notes in Computer Science 3014},
  month = nov,
  note = {}
}

@ARTICLE{Thum14,
  author = {Th\"um, Thomas and K\"astner, Christian and Benduhn, Fabian and Meinicke, Jens and Saake, Gunter and Leich, Thomas},
  title = {{FeatureIDE: An Extensible Framework for Feature-Oriented Software Development}},
  journal = {{Science of Computer Programming}},
  publisher = {Elsevier},
  year = 2014,
  volume = 79,
  number = 1,
  pages = {70--85},
  month = jan,
  note = {}
}

# Application feature is «a prominent or distinctive user-visible aspect,
# quality, or characteristic of a software system or systems»
@TECHREPORT{Kang90,
  author = {Kang, Kyo C. and Cohen, Sholom G. and Hess, James A. and Novak, William E. and Peterson, A. Spencer},
  title = {{Feature-Oriented Domain Analysis (FODA) Feasibility Study}},
  institution = {{Carnegie Mellon University}},
  year = 1990,
  type = {Technical Report},
  number = {CMU/SEI-90-TR-21},
  address = {Pittsburgh, Pennsylvania, USA},
  month = nov,
  note = {}
}

@ARTICLE{Kang98,
  author = {Kang, Kyo C. and Kim, Sajoong and Lee, Jaejoon and Kim, Kijoo and Shin, Euiseob and Huh, Moonhang},
  title = {{FORM: A Feature-Oriented Reuse Method with Domain-Specific Reference Architectures}},
  journal = {{Annals of Software Engineering}},
  publisher = {Kluwer},
  year = 1998,
  volume = 5,
  number = 1,
  pages = {143--168},
  month = {},
  note = {}
}

@ARTICLE{Acher13,
  author = {Acher, Mathieu and Collet, Philippe and Lahire, Philippe and France, Robert B.},
  title = {{FAMILIAR: A Domain-Specific Language for Large Scale Management of Feature Models}},
  journal = {{Science of Computer Programming}},
  publisher = {Elsevier},
  year = 2013,
  volume = 78,
  number = 6,
  pages = {657--681},
  month = jun,
  note = {}
}

@ARTICLE{Karatas16,
  author = {Karata\c{s}, Ahmet Serkan and O\u{g}uzt\"uz\"un, Halit},
  title = {{Attribute-Based Variability in Feature Models}},
  journal = {{Requirements Engineering}},
  publisher = {Springer},
  year = 2016,
  volume = 21,
  number = 2,
  pages = {185--208},
  month = jun,
  note = {}
}

@INPROCEEDINGS{Wende09,
  author = {Wende, Christian and Thieme, Nils and Zschaler, Steffen},
  title = {{A Role-Based Approach towards Modular Language Engineering}},
  booktitle = {{Proceedings of the 2nd International Conference on Software Language Engineering (SLE'09)}},
  year = 2009,
  editor = {van den Brand, Mark and Ga\v{s}evi\'c, Dragan and Gray, Jeff},
  pages = {254--273},
  address = {Denver, CO, USA},
  organization = {},
  publisher = {Springer},
  volume = {},
  number = {},
  series = {Lecture Notes in Computer Science 5969},
  month = oct,
  note = {}
}

@ARTICLE{Beuche07,
  author = {Dalgarno, Mark and Beuche, Danilo},
  title = {{Software Product Line Engineering with Feature Models}},
  journal = {{Overload Journal}},
  publisher = {ACCU},
  year = 2007,
  volume = 78,
  number = {},
  pages = {5--8},
  month = apr,
  note = {}
}

@INPROCEEDINGS{Sipka05,
  author = {\v{S}ipka, Miloslav},
  title = {{Exploring the Commonality in Feature Modeling Notations}},
  booktitle = {{Proceedings of the 1st Student Research Conference in Informatics and Information Technology (IIT.SRC'05)}},
  year = 2005,
  editor = {Bielikov\'a, M\'aria},
  pages = {139--144},
  address = {Bratislava, Slovakia},
  organization = {},
  publisher = {Slavak University of Technology},
  volume = {},
  number = {},
  series = {},
  month = apr,
  note = {}
}

@INPROCEEDINGS{Benavides05,
  author = {Benavides, David and Trinidad, Pablo and Ruiz-Cort\'es, Antonio},
  title = {{Automated Reasoning on Feature Models}},
  booktitle = {{Proceedings of the 17th International Conference on Advanced Information Systems Engineering (CAiSE'05)}},
  year = 2005,
  editor = {Pastor, Oscar and Falc{\~a}o e Cunha, Jo{\~a}o},
  pages = {491--503},
  address = {Porto, Portugal},
  organization = {},
  publisher = {Springer},
  volume = {},
  number = {},
  series = {Lecture Notes in Computer Science 3520},
  month = jun,
  note = {}
}

@BOOK{Weiss99,
  author = {Weiss, David M. and Lai, Chi Tau Robert},
  editor = {},
  title = {{Software Product-Line Engineering; A Family-Based Software Development Process}},
  publisher = {{Addison-Wesley}},
  year = 1999,
  address = {Boston, MA, USA},
  edition = {},
  volume = {},
  number = {},
  series = {},
  month = aug,
  note = {}
}

@TECHREPORT{Haugen12,
  author = {Haugen, {\O}ystein},
  title = {{Common Variability Language (CVL)}},
  institution = {{OMG}},
  year = 2013,
  type = {{OMG document}},
  number = {ad/2012-08-05},
  address = {},
  month = aug,
  note = {}
}

@INPROCEEDINGS{Chen05,
  author = {Chen, Kun and Zhang, Wei and Zhao, Haiyan and Mei, Hong},
  title = {{An Approach to Constructing Feature Models Based on Requirements Clustering}},
  booktitle = {{Proceedings of the 13th International Conference on Requirements Engineering (RE'05)}},
  year = 2005,
  editor = {Atlee, Joanne and Roland, Colette},
  pages = {31--40},
  address = {Paris, France},
  organization = {},
  publisher = {IEEE},
  volume = {},
  number = {},
  series = {},
  month = aug,
  note = {}
}

@INPROCEEDINGS{Weston09,
  author = {Weston, Nathan and Chitchyan, Ruzanna and Rashid, Awais},
  title = {{A Framework for Constructing Semantically Composable Feature Models from Natural Language Requirements}},
  booktitle = {{Proceedings of the 13th International Software Product Line Conference (SPLC'09)}},
  year = 2009,
  editor = {mc Gregor, John and Muthig, Dirk},
  pages = {211--220},
  address = {San Francisco, CA, USA},
  organization = {},
  publisher = {ACM},
  volume = {},
  number = {},
  series = {},
  month = aug,
  note = {}
}

@INPROCEEDINGS{Ryssel11,
  author = {Ryssel, Uwe and Ploennings, Joern and Kabitzsch, Klaus},
  title = {{Extraction of Feature Models from Formal Contexts}},
  booktitle = {{Proceedings of the 3rd Wirkshop on Feature-Oriented Software Development (FOSD'11)}},
  year = 2011,
  editor = {Heidenreich, Florian and Resenm\"uller, Marko},
  pages = {1--8},
  address = {M\"unich, Germany},
  organization = {},
  publisher = {},
  volume = {},
  number = {},
  series = {},
  month = aug,
  note = {}
}

@INPROCEEDINGS{Pohl06,
  author = {Pohl, Klaus and Metzger, Andreas},
  title = {{Variability Management in Software Product Line Engineering}},
  booktitle = {{Proceedings of the 28th International Conference on Software Engineering (ICSE'06)}},
  year = 2006,
  editor = {Osterwell, Leon J. and Rombach, H. Dieter and Soffa, Mary Lou},
  pages = {1049--1050},
  address = {Shanghai, China},
  organization = {},
  publisher = {ACM},
  volume = {},
  number = {},
  series = {},
  month = may,
  note = {}
}

@ARTICLE{Rabiser10,
  author = {Rabiser, Rick and Gr\"{u}nbacher, Paul and Dhungana, Deepak},
  title = {{Requirements for Product Derivation Support: Results from a Systematic Literature Review and an Expert Survey}},
  journal = {{Journal of Information and Software Technology}},
  publisher = {Elsevier},
  year = 2010,
  volume = 52,
  number = 3,
  pages = {},
  month = mar,
  note = {}
}

@INPROCEEDINGS{Andersen12,
  author = {Andersen, Nele and Czarnecki, Krzysztof and She, Steven and W\k{a}sowski, Andrzej},
  title = {{Efficient Synthesis of Feature Models}},
  booktitle = {{Proceedings of the 16th International Software Product Line Conference (SPLC'12)}},
  year = 2012,
  editor = {Scwanninger, Christa and Benavides, David},
  pages = {97--106},
  address = {Salvador, Brazil},
  organization = {},
  publisher = {},
  volume = {},
  number = {},
  series = {},
  month = sep,
  note = {}
}

@INPROCEEDINGS{Davril13,
  author = {Davril, Jean-Marc and Delfosse, Edouard and Hariri, Negaar and Acher, Mathieu and Cleland-Huang, Jane and Heymans, Patrick},
  title = {{Feature Model Extraction from Large Collections of Informal Product Descriptions}},
  booktitle = {{Proceedings of the 9th Joint Meeting on Foundations of Software Engineering (ESEC/FSE'13)}},
  year = 2013,
  editor = {Baresi, Luciano and Mezini, Mira},
  pages = {290--300},
  address = {Saint Petersburg, Russia},
  organization = {},
  publisher = {ACM},
  volume = {},
  number = {},
  series = {},
  month = aug,
  note = {}
}

@INPROCEEDINGS{Alves08,
  author = {Alves, Vander and Schwanninger, Christa and Barbosa, Luciano and Rashid, Awais and Sawyer, Peter and Rayson, Paul and Pohl, Christoph and Rummler, Andreas},
  title = {{An Exploratory Study of Information Retrieval Techniques in Domain Analysis}},
  booktitle = {{Proceedings of the 12th International Software Product Line Conference (SPLC'08)}},
  year = 2008,
  editor = {Pohl, Klaus and Geppert, Birgit},
  pages = {67--76},
  address = {Limerick, Ireland},
  organization = {},
  publisher = {IEEE},
  volume = {},
  number = {},
  series = {},
  month = sep,
  note = {}
}

@INPROCEEDINGS{Niu08,
  author = {Niu, Nan and Easterbrook, Steve},
  title = {{On-Demand Cluster Analysis for Product Line Functional Requirements}},
  booktitle = {{Proceedings of the 12th International Software Product Line Conference (SPLC'08)}},
  year = 2008,
  editor = {Pohl, Klaus and Geppert, Birgit},
  pages = {87--96},
  address = {Limerick, Ireland},
  organization = {},
  publisher = {IEEE},
  volume = {},
  number = {},
  series = {},
  month = sep,
  note = {}
}

@INPROCEEDINGS{Haugen08,
  author = {Haugen, {\O}ystein and M{\o}ller-Pedersen, Birger and Oldevik, Jon and Olsen, G{\o}ran K. and Svendsen, Andreas},
  title = {{Adding Standardized Variability to Domain Specific Languages}},
  booktitle = {{Proceedings of the 12th International Software Product Line Conference (SPLC'08)}},
  year = 2008,
  editor = {Pohl, Klaus and Geppert, Birgit},
  pages = {139--148},
  address = {Limerick, Ireland},
  organization = {},
  publisher = {IEEE},
  volume = {},
  number = {},
  series = {},
  month = sep,
  note = {}
}

@INPROCEEDINGS{Nadi14,
  author = {Nadi, Sarah and Berger, Thorsten and K\"astner, Christian and Czarnecki, Krzysztof},
  title = {{Mining Configuration Constraints: Static Analysis and Empirical Results}},
  booktitle = {{Proceedings of the 36th International Conference on Software Engineering (ICSE'14)}},
  year = 2014,
  editor = {Briand, Lionel and van der Hoek, Andr\'e},
  pages = {140--151},
  address = {Hyderabad, India},
  organization = {},
  publisher = {IEEE},
  volume = {},
  number = {},
  series = {},
  month = may,
  note = {}
}

@INPROCEEDINGS{Cengarle09,
  author = {Cengarle, Mar{\'\i}a Victoria and Gr\"onniger, Hans and Rumpe, Bernhard},
  title = {{Variability within Modeling Language Definitions}},
  booktitle = {{Proceedings of the 12th International Conference on Model Driven Engineering Languages and Systems (MoDELS'09)}},
  year = 2009,
  editor = {Sch\"urr, Andy and Selic, Bran},
  pages = {670--684},
  address = {Denver, CO, USA},
  organization = {},
  publisher = {Springer},
  volume = {},
  number = {},
  series = {Lecture Notes in Computer Science 5795},
  month = oct,
  note = {}
}

@ARTICLE{Chen11,
  author = {Chen, Lianping and Babar, Muhammad Ali},
  title = {{A Systematic Review of Evaluation of Variability Management Approaches in Software Product Lines}},
  journal = {{Journal of Information and Software Technology}},
  year = 2011,
  volume = 53,
  number = 4,
  pages = {344--362},
  month = apr,
  note = {}
}

@ARTICLE{Acher13b,
  author = {Acher, Mathieu and Cleve, Anthony and Collet, Philippe and Merle, Philippe and Duchien, Laurence and Lahire, Philippe},
  title = {{Extraction and Evolution of Architectural Variability Models in Plugin-based Systems}},
  journal = {Software and Systems Modeling},
  publisher = {Springer},
  year = 2013,
  volume = {},
  number = {},
  pages = {},
  month = jul,
  note = {}
}

@INPROCEEDINGS{Becan14,
  author = {B\'{e}can, Guillaume and Ben Nasr, Sana and Acher, Mathieu and Baudry, Beno\^{\i}t},
  title = {{WebFML: Synthesizing Feature Models Everywhere}},
  booktitle = {{Proceedings of 18th International Software Product Line Conference (SPLC'14)}},
  year = 2014,
  editor = {Heymans, Patrick and Rubin, Julia},
  pages = {112--116},
  address = {Florence, Italy},
  organization = {},
  publisher = {ACM},
  volume = {},
  number = {},
  series = {},
  month = sep,
  note = {}
}

@TECHREPORT{Becan13,
  author = {B\'{e}can, Guillaume and Acher, Mathieu and Baudry, Beno\^{\i}t and Ben Nasr, Sana},
  title = {{Breathing Ontological Knowledge Into Feature Model Management}},
  institution = {INRIA},
  year = 2013,
  type = {Technical Report},
  number = {},
  address = {Rennes, France},
  month = oct,
  note = {}
}

@INPROCEEDINGS{Ferrari13,
  author = {Ferrari, Alessio and Spagnolo, Giorgio O. and Dell'Orletta, Felice},
  title = {{Mining Commonalities and Variabilities from Natural Language Documents}},
  booktitle = {{Proceedings of the 17th International Software Product Line Conference (SPLC'13)}},
  year = 2013,
  editor = {Jarzabek, Stan and Gnesi, Stefania},
  pages = {116--120},
  address = {Tokyo, Japan},
  organization = {},
  publisher = {ACM},
  volume = {},
  number = {},
  series = {},
  month = sep,
  note = {}
}

@INPROCEEDINGS{Hubaux10,
  author = {Hubaux, Arnaud and Classen, Andreas and Mendon\c{c}a, Marc\'{\i}lio and Heymans, Patrick},
  title = {{A Preliminary Review on the Application of Feature Diagrams in Practice}},
  booktitle = {{Proceedings of the 4th International Workshop on Variability Modelling of Software-Intensive Systems (VaMoS'10)}},
  year = 2010,
  editor = {Benavides, David and Batory, Don S. and Gr{\"u}nbacher, Paul},
  pages = {53--59},
  address = {Linz, Austria},
  organization = {},
  publisher = {},
  volume = {},
  number = {},
  series = {},
  month = jan,
  note = {}
}

@INPROCEEDINGS{Acher13,
  author = {Acher, Mathieu and Baudry, Beno\^{\i}t and Heymans, Patrick and Cleve, Anthony and Hainaut, Jean-Luc},
  title = {{Support for Reverse Engineering and Maintaining Feature Models}},
  booktitle = {{Proceedings of the 7th International Workshop on Variability Modelling of Software-Intensive Systems (VaMoS'13)}},
  year = 2013,
  editor = {Collet, Philippe and Schmid, Klaus},
  pages = {},
  address = {Pisa, Italy},
  organization = {ACM},
  publisher = {},
  volume = {},
  number = {},
  series = {},
  month = jan,
  note = {}
}

@INPROCEEDINGS{Fleurey11,
  author = {Fleurey, Franck and Haugen, {\O}ystein and M{\o}ller-Pedersen, Birger and Svendsen, Andreas and Zhang, Xiaorui},
  title = {{Standardizing Variability --- Challenges and Solutions}},
  booktitle = {{Proceedings of the 15th International Conference on Interating System and Software Modeling (SDL'11)}},
  year = 2011,
  editor = {Ober, Iulian and Ober, Ileana},
  pages = {233--246},
  address = {Tolouse, France},
  organization = {},
  publisher = {Springer},
  volume = {},
  number = {},
  series = {Lecture Notes in Computer Science 7083},
  month = {},
  note = {}
}

@BOOK{Clements01,
  author = {Clements, Paul and Northrop, Linda},
  editor = {},
  title = {{Software Product Lines: Practices and Patterns}},
  publisher = {{Addison-Wesley}},
  year = 2001,
  address = {},
  edition = {},
  volume = {},
  number = {},
  series = {},
  month = aug,
  note = {}
}

@INPROCEEDINGS{She10,
  author = {She, Steven and Lotufo, Rafael and Berger, Thorsten and W\k{a}sowski, Andrzej and Czarnecki, Krzysztof},
  title = {{Variability Model of the Linux Kernel}},
  booktitle = {{Proceedings of the 4th International Workshop on Variability Modelling of Software-Intensive Systems (VaMoS'10)}},
  year = 2010,
  editor = {Benavides, David and Batory, Don S. and Gr{\"u}nbacher, Paul},
  pages = {45--51},
  address = {Linz, Austria},
  organization = {},
  publisher = {ACM},
  volume = {},
  number = {},
  series = {},
  month = jan,
  note = {}
}

@INPROCEEDINGS{She11,
  author = {She, Steven and Lotufo, Rafael and Berger, Thorsten and W\k{a}sowski, Andrzej and Czarnecki, Krzysztof},
  title = {{Reverse Engineering Feature Models}},
  booktitle = {{Proceedings of the 33rd International Conference on Software Engineering (ICSE'11)}},
  year = 2011,
  editor = {Gall, Harald and Medvidovi\'c, Nenad},
  pages = {461--470},
  address = {Waikiki, Honolulu, Hawaii},
  organization = {},
  publisher = {IEEE},
  volume = {},
  number = {},
  series = {},
  month = may,
  note = {}
}

@INPROCEEDINGS{Damiani12,
  author = {Damiani, Ferruccio and Padovani, Luca and Schaefer, Ina},
  title = {{A Formal Foundation for Dynamic Delta-Oriented Software Product Lines}},
  booktitle = {{Proceedings of the 11th International Conference on Generative Programming and Component Engineering (GPCE'12)}},
  year = 2012,
  editor = {Ostermann, Klaus and Binder, Walter},
  pages = {1--10},
  address = {Dresden, Germany},
  organization = {},
  publisher = {ACM},
  volume = {},
  number = {},
  series = {},
  month = sep,
  note = {}
}

@ARTICLE{Capilla14,
  author = {Capilla, Rafael and Bosch, Jan and Trinidad, Pablo and Ruiz-Cort\'ez, Antonio and Hinchey, Mike},
  title = {{An Overview of Dynamic Software Product Line Architectures and Techniques: Observations from Research and Industry}},
  journal = {{Journal of Systems and Software}},
  publisher = {Elsevier},
  year = 2014,
  volume = 81,
  number = {},
  pages = {3--23},
  month = may,
  note = {}
}

@INPROCEEDINGS{Bencomo10,
  author = {Bencomo, Nelly and Lee, Jaejoon and Hallsteinsen, Svein O.},
  title = {{How Dynamic is Your Dynamic Software Product Line?}},
  booktitle = {{Proceedings of the Software Product Line Workshop}},
  year = 2010,
  editor = {},
  pages = {61--68},
  address = {Jeju Island, South Korea},
  organization = {},
  publisher = {},
  volume = {},
  number = {},
  series = {},
  month = sep,
  note = {}
}

@INPROCEEDINGS{Czarnecki12,
  author = {Czarnecki, Krysztof and Gr\"unbacher, Paul and Rabiser, Rick and Schmid, Klaus and W\k{a}sowski, Andrzej},
  title = {{Cool Features and Tough Decisions: A Comparison of Variability Modeling Approaches}},
  booktitle = {{Proceedings of the 6th International Workshop on Variability Modeling of Software-Intensive Systems (VaMoS'12)}},
  year = 2012,
  editor = {Apel, Sven and Gnesi, Stefania},
  pages = {173--182},
  address = {Leipzig, Germany},
  organization = {},
  publisher = {ACM},
  volume = {},
  number = {},
  series = {},
  month = jan,
  note = {}
}

@ARTICLE{Hinchey12,
  author = {Hinchey, Mike and Park, Sooyong and Schmid, Klaus},
  title = {{Building Dynamic Software Product Lines}},
  journal = {{IEEE Computer}},
  year = 2012,
  volume = 45,
  number = 10,
  pages = {22--26},
  month = oct,
  note = {}
}

@ARTICLE{Shaefer12,
  author = {Schaefer, Ina and Rabiser, Rick and Clarke, Dave and Bettini, Lorenzo and Benavides, David and Botterweck, Goetz and Pathak, Animesh and Trujillo, Salvador and Villela, Karina},
  title = {{Software Diversity: State of the Art and Perspectives}},
  journal = {{International Journal on Software Tools Technology Transfer}},
  publisher = {Springer},
  year = 2012,
  volume = 14,
  number = 5,
  pages = {477--495},
  month = oct,
  note = {}
}

@BOOK{Alexander09,
  author = {Alexander, Ian F. and Beus-Dukic, Ljerka},
  editor = {},
  title = {{Discovering Requirements: How to Specify Products and Services}},
  publisher = {Wiley},
  year = 2009,
  address = {},
  edition = {},
  volume = {},
  number = {},
  series = {},
  month = feb,
  note = {}
}

@INPROCEEDINGS{Zschaler09,
  author = {Zschaler, Steffen and S\'anchez, Pablo and Santos, Jo{\~{a}}o and Alf\'erez, Mauricio and Rashid, Awais and Fuentes, Lidia and Moreira, Ana and Ara\'ujo, Jo{\~{a}} and Kulesza, Uir\'a},
  title = {{VML*---A Family of Languages for Variability Management in Software Product Lines}},
  booktitle = {{Proceedings of the 2nd International Conference on Software Language Engineering (SLE'09)}},
  year = 2009,
  editor = {van den Brand, Mark and Ga\v{s}evi\'c, Dragan and Gray, Jeff},
  pages = {82--102},
  address = {Denver, CO, USA},
  organization = {},
  publisher = {Springer},
  volume = {},
  number = {},
  series = {Lecture Notes in Computer Science 5969},
  month = oct,
  note = {}
}

@ARTICLE{Mendez-Acuna17,
  author = {M\'endez-Acu{\~n}a, David and Galindo, Jos\'e A. and Combemale, Beno{\^\i}t and Blouin, Arnaud and Baudry, Beno{\^\i}t},
  title = {{Reverse Engineering Language Product Lines from Existing DSL Variants}},
  journal = {{Journal of Systems and Software}},
  publisher = {Elsevier},
  year = 2017,
  volume = 133,
  number = {},
  pages = {145--158},
  month = nov,
  note = {}
}

@ARTICLE{Mendez-Acuna16,
  author = {M\'endez-Acu{\~n}a, David and Galindo, Jos\'e A. and Degueule, Thomas and Combemale, Beno{\^\i}t and Baudry, Beno{\^\i}t},
  title = {{Leveraging Software Product Lines Engineering in the Development of External DSLs: A Systematic Literature Review}},
  journal = {{Computer Languages, Systems \& Structures}},
  publisher = {Elsevier},
  year = 2016,
  volume = 46,
  number = {},
  pages = {206--235},
  month = nov,
  note = {}
}

@INPROCEEDINGS{Czarnecki04,
  author = {Czarnecki, Krzysztof and Helsen, Simon and Eisenecker, Ulrich},
  title = {{Staged Configuration Using Feature Models}},
  booktitle = {{Proceedings of the 3rd International Conference on Software Product-Line (SPLC'04)}},
  year = 2004,
  editor = {Weiss, David and van Ommering, Rob},
  pages = {266--283},
  address = {Boston, MA, USA},
  organization = {},
  publisher = {Springer},
  volume = {},
  number = {},
  series = {Lecture Notes in Computer Science 3154},
  month = aug#"-"#sep,
  note = {}
}

@ARTICLE{Czarnecki05,
  author = {Czarnecki, Krzysztof and Helsen, Simon and Eisenecker, Ulrich},
  title = {{Staged Configuration through Specialization and Multi-Level Configuration of Feature Models}},
  journal = {{Software Process: Improvement and Practice}},
  publisher = {Wiley},
  year = 2005,
  volume = 10,
  number = 2,
  pages = {143--169},
  month = apr,
  note = {}
}

@INPROCEEDINGS{Dinkelaker10b,
  author = {Dinkelaker, Tom and Monperrus, Martin and Mezini, Mira},
  title = {{Supporting Variability with Late Semantic Adaptations of Domain-Specific Modeling Languages}},
  booktitle = {{Proceedings of the 1st International Workshop on Composition and Variability (COP'10)}},
  year = 2010,
  editor = {},
  pages = {},
  address = {Saint-Mal\'o, France},
  organization = {},
  publisher = {},
  volume = {},
  number = {},
  series = {},
  month = mar,
  note = {}
}

@ARTICLE{Acher17,
  author = {Acher, Mathieu and Lopez-Herrejon, Roberto E. and Rabiser, Rick},
  title = {{Teaching Software Product Lines: A Snapshot of Current Practices}},
  journal = {{ACM Transactions of Computing Education}},
  publisher = {ACM},
  year = 2017,
  volume = 18,
  number = 1,
  pages = {},
  month = dec,
  note = {}
}

@INPROCEEDINGS{Butting18,
  author = {Butting, Arvid and Eikermann, Robert and Kautz, Oliver and Rumpe, Bernhard and Wortmann, Andreas},
  title = {{Controlled and Extensible Variability of Concrete and Abstract Syntax with Independent Language Features}},
  booktitle = {{Proceedings of the 12th International Workshop on Variability Modelling of Software Intensive Systems (VAMOS'18)}},
  year = 2018,
  editor = {},
  pages = {75--82},
  address = {Madrid, Spain},
  organization = {},
  publisher = {ACM},
  volume = {},
  number = {},
  series = {},
  month = feb,
  note = {}
}

@INPROCEEDINGS{Butting18b,
  author = {Butting, Arvid and Eikermann, Robert and Kautz, Oliver and Rumpe, Bernhard and Wortmann, Andreas},
  title = {{Modeling Language Variability with Reusable Language Components}},
  booktitle = {{Proceedings of the 22nd International Systems and Software Product Line Conference (SPLC'18)}},
  year = 2018,
  editor = {Berger, Thorsten and Borba, Paulo},
  pages = {65--75},
  address = {Gothenburg, Sweden},
  organization = {},
  publisher = {ACM},
  volume = {},
  number = {},
  series = {},
  month = sep,
  note = {}
}

@INPROCEEDINGS{HorcasAguilera19,
  author = {Horcas Aguilera, Jos\'e Miguel and Pinto, M\'onica and Fuentes, Lidia},
  title = {{Software Product Line Engineering: A Practical Experience}},
  booktitle = {{Proceedings of the 23rd International Systems and Software Product Line Conference (SPLC'19)}},
  year = 2019,
  editor = {Duchien, Laurence and Th\"um, Thomas},
  pages = {164--176},
  address = {Paris, France},
  organization = {},
  publisher = {ACM},
  volume = {},
  number = {},
  series = {},
  month = sep,
  note = {}
}

@INPROCEEDINGS{HorcasAguilera18,
  author = {Horcas Aguilera, Jos\'e Miguel and Corti{\~n}as, Alejandro and Fuentes, Lidia and Luaces, Miguel R.},
  title = {{Integrating the Common Variability Language with Multilanguage Annotations for Web Engineering}},
  booktitle = {{Proceedings of the 22nd International Systems and Software Product Line Conference (SPLC'18)}},
  year = 2018,
  editor = {M\"annist\"o, Tomi and Botterweck, Goetz},
  pages = {196--207},
  address = {Gothenburg, Sweden},
  organization = {},
  publisher = {ACM},
  volume = {},
  number = {},
  series = {},
  month = sep,
  note = {Industrial Track}
}

@ARTICLE{Ma14,
  author = {Ma, Zhiyi and He, Xiao},
  title = {{Building Modeling Tools Based on Metamodeling and Product Line Technologies}},
  journal = {{Chinese Journal of Electronics}},
  publisher = {},
  year = 2014,
  volume = 23,
  number = 2,
  pages = {},
  month = apr,
  note = {}
}

@ARTICLE{Laguna13,
  author = {Laguna, Miguel A. and Crespo, Yania},
  title = {{A Systematic Mapping Study on Software Product Line Evolution: From Legacy System Reengineering to Product Line Refactoring}},
  journal = {{Science of Computer Programming}},
  publisher = {Elsevier},
  year = 2013,
  volume = 78,
  number = 8,
  pages = {1010--1034},
  month = aug,
  note = {}
}

@ARTICLE{Marques19,
  author = {Marques, Ma{\'\i}ra and Simmonds, Jocelyn and Rossel, Pedro O. and Bastarrica, Mar{\'\i}a Cecilia},
  title = {{Software Product Line Evolution: A Systematic Literature Review}},
  journal = {{Information and Software Technology}},
  publisher = {Elsevier},
  year = 2019,
  volume = 105,
  number = {},
  pages = {190--208},
  month = {},
  note = {}
}

@INPROCEEDINGS{Kastner11,
  author = {K\"astner, Christian and Apel, Sven and Ostermann, Klaus},
  title = {{The Road to Feature Modularity?}},
  booktitle = {{Proceedings of the 3rd Workshop on Feature-Oriented Software Development (FOSD'11)}},
  year = 2006,
  editor = {Schäfer, Ina and John, Isabel and Schmid, Klaus},
  pages = {},
  address = {M\"unich, Germany},
  organization = {},
  publisher = {ACM},
  volume = {},
  number = {},
  series = {},
  month = aug,
  note = {}
}

@INPROCEEDINGS{Kim08,
  author = {Kim, Chang Hwan Peter and K\"astner, Christian and Batory, Don},
  title = {{On the Modularity of Feature Interactions}},
  booktitle = {{Proceedings of the 7th International Conference on Generative Programming and Component Engineering (GPCE'08)}},
  year = 2008,
  editor = {Smaragdakis, Yannis and Siek, Jeremy G.},
  pages = {23--34},
  address = {Nashville, TN, USA},
  organization = {},
  publisher = {ACM},
  volume = {},
  number = {},
  series = {},
  month = oct,
  note = {}
}

@ARTICLE{Kastner14,
  author = {K\"astner, Christian and Dreiling, Alexander and Ostermann, Klaus},
  title = {{Variability Mining: Consistent Semi-Automatic Detection of Product-Line Features}},
  journal = ieeese,
  publisher = {IEEE},
  year = 2014,
  volume = 40,
  number = 1,
  pages = {67--82},
  month = jan,
  note = {}
}

@INPROCEEDINGS{Acher18,
  author = {Acher, Mathieu and Temple, Paul and J\'ez\`quel, Jean-Marc and Galindo Duarte, Jos\'e \'Angel, Martinez, Jabier and Ziadi, Tewfik},
  title = {{VaryLaTeX: Learning Paper Variants That Meet Constraints}},
  booktitle = {{Proceedings of the 12th International Workshop on Variability Modelling of Software-Intensive Systems (VaMoS'18)}},
  year = 2018,
  editor = {Lochau, Malte and Fuentes, Lidia},
  pages = {83--88},
  address = {Madrid, Spain},
  organization = {},
  publisher = {},
  volume = {},
  number = {},
  series = {},
  month = feb,
  note = {}
}

@ARTICLE{Valente12,
  author = {Valente, Marco Tullio and Borges, Virgilio and Passos, Leonardo},
  title = {{A Semi-Automatic Approach for Extracting Software Product-Lines}},
  journal = ieeese,
  publisher = {IEEE},
  year = 2012,
  volume = 38,
  number = 4,
  pages = {737--754},
  month = jul#"-"#aug,
  note = {}
}

@INPROCEEDINGS{Martinez15,
  author = {Martinez, Jabier and Ziadi, Tewfik and Bissyand\'e, Tegawend\'e F. and Klein, Jacques and le Traon, Yves},
  title = {{Automating the Extraction of Model-Based Software Product Lines from Model Variants}},
  booktitle = {{Proceedings of the 30th IEEE/ACM International Conference on Automated Software Engineering (ASE'15)}},
  year = 2015,
  editor = {Cohen, Myra and Grunske, Lars and Whalen, Michael},
  pages = {396--406},
  address = {Lincoln, NE, USA},
  organization = {},
  publisher = {IEEE},
  volume = {},
  number = {},
  series = {},
  month = nov,
  note = {}
}

@BOOK{Meinicke17,
  author = {Meinicke, Jens and Th\"um, Thomas and Schr\"oter, Reimar and Benduhn, Fabian and Leich, Thomas and Saake, Gunter},
  editor = {},
  title = {{Mastering Software Variability with FeatureIDE}},
  publisher = {Springer},
  year = 2017,
  address = {},
  edition = {},
  volume = {},
  number = {},
  series = {},
  month = {},
  note = {}
}

@INPROCEEDINGS{Apel13,
  author = {Apel, Sven and von Thein, Alexander and Wendler, Philipp and Gr\"o{\ss}linger, Armin and Beyer, Firk},
  title = {{Strategies for Product-Line Verification: Case Studies and Experiments}},
  booktitle = {{Proceedings of the 35th International Conference on Software Engineering (ICSE'13)}},
  year = 2013,
  editor = {Chang, Betty H. and Pohl, Klaus},
  pages = {482--491},
  address = {San Francisco, CA, USA},
  organization = {},
  publisher = {IEEE},
  volume = {},
  number = {},
  series = {},
  month = {may},
  note = {}
}

@INPROCEEDINGS{Trifu08,
  author = {Trifu, Mircea},
  title = {{Using Dataflow Information for Concern Identification in Object-Oriented Software Systems}},
  booktitle = {{Proceedings of the 12th European Conference on Software Maintenance and Reengineering (CSMR'08)}},
  year = 2008,
  editor = {Kontogiannis, Kostas and Tjortjis, Christos and Winter, Andreas},
  pages = {193--202},
  address = {Athens, Greece},
  organization = {},
  publisher = {IEEE},
  volume = {},
  number = {},
  series = {},
  month = apr,
  note = {}
}

@INPROCEEDINGS{Mortara20,
  author = {Mortara, Johann and T\"ernava, Xhevahire and Collet, Philippe},
  title = {{Mapping Features to Automatically Identified Object-Oriented Variability Implementations---The case of ArgoUML-SPL}},
  booktitle = {{Proceedings of the 14th International Working Conference on Variability Modelling of Softare-Intensive Systems (VaMoS'20)}},
  year = 2020,
  editor = {Cordy, Maxime and Acher, Mathieu and Beuche, Danilo and Saake, Gunter},
  pages = {1--9},
  address = {Magdeburg, Germany},
  organization = {},
  publisher = {ACM},
  volume = {},
  number = {},
  series = {},
  month = feb,
  note = {}
}

@ARTICLE{Kuiter20,
  author = {Kuiter, Elias and Krieter, Sebastian and Kr\"uger, Jacob and Saake, Gunter and Leich, Thomas},
  title = {{VariED: An Editor for Collaborative, Real-Time Feature Modeling}},
  journal = {{Empirical Software Engineering}},
  publisher = {Springer},
  year = 2020,
  volume = {},
  number = {},
  pages = {},
  month = oct,
  note = {}
}

@INPROCEEDINGS{Kim17,
  author = {Kim, Jongwook and Batory, Don and Dig, Danny},
  title = {{Refactoring Java Software Product Lines}},
  booktitle = {{Proceedings of the 21st International Systems and Software Product Line Conference (SPLC'17)}},
  year = 2017,
  editor = {Cohen, Myra and Acher, Mathieu},
  pages = {59--68},
  address = {Sevilla, Spain},
  organization = {},
  publisher = {ACM},
  volume = {},
  number = {},
  series = {},
  month = sep,
  note = {}
}

@INPROCEEDINGS{Pereira16,
  author = {Pereira, Juliana Alves and Krieter, Sebastian and Meinicke, Jens and Schr\"oter, Reimar and Saake, Gunter and Leich, Thomas},
  title = {{FeatureIDE: Scalable Product Configuration of Variable Systems}},
  booktitle = {{Proceedings of the 15th International Conference on Software Reuse (ICSR'16)}},
  year = 2016,
  editor = {Kapitsaki, Georgia M. and Santana de Almeida, Eduardo},
  pages = {397--401},
  address = {Limassol, Cyprus},
  organization = {},
  publisher = {Springer},
  volume = {},
  number = {},
  series = {Lecture Notes in Computer Science 9679},
  month = jun,
  note = {}
}

@ARTICLE{Her07,
  author = {Her, Jin Sun and Kim, Ji Hyeok and Oh, Sang Hun amd Rhew, Sung Yul and Kim, Soo Dong},
  title = {{A Framework for Evaluating Reausability of Core Asset in Product Line Engineering}},
  journal = {{Information and Software Technology}},
  publisher = {Elsevier},
  year = 2007,
  volume = 49,
  number = 7,
  pages = {740--760},
  month = jul,
  note = {}
}

@INPROCEEDINGS{Al-Hajjaji16,
  author = {Al-Hajjaji, Mustafa and Krieter, Sebastian and Th\"um, Thomas and Lochau, Malter and Saake, Gunter},
  title = {{IncLing: Efficient Product-Line Testing Using Incremental Pairwise Sampling}},
  booktitle = {{Proceedings of the 15th International Conference on Generative Programming and Component Engineering (GPCE'16)}},
  year = 2016,
  editor = {Schaefer, Ina},
  pages = {144--155},
  address = {Amsterdam, The Netherlands},
  organization = {},
  publisher = {ACM},
  volume = {},
  number = {},
  series = {},
  month = oct#"-"#nov,
  note = {}
}

@INPROCEEDINGS{Meinicke16,
  author = {Meinicke, Jens and Th\"um, Thomas and Schr\"oter, Reimar and Krieter, Sebastian and Benduhn, Fabian and Saake, Gunter and Leich, Thomas},
  title = {{FeatureIDE: Taming the Preprocessor Wilderness}},
  booktitle = {{Procedings of the 38th International Conference on Software Engineering Companion (ICSE'16-Companion)}},
  year = 2016,
  editor = {},
  pages = {629--632},
  address = {Austin, TX, USA},
  organization = {},
  publisher = {IEEE},
  volume = {},
  number = {},
  series = {},
  month = may,
  note = {}
}

@INPROCEEDINGS{Oster11,
  author = {Oster, Sebastian and Zorcic, Ivan and Markert, Florian and Lochau, Malte},
  title = {{MoSo-PoLiTe---Tool Support for Pairwise and Model-Based Software Product Line Testing}},
  booktitle = {{Proceedings of the 5th Workshop on Variability Modeling of Software-Intensive Systems (VaMoS'11)}},
  year = 2011,
  editor = {Czarnecki, Krzysztof and Eisenecker, Ulrich W.},
  pages = {79--82},
  address = {Namur, Belgium},
  organization = {},
  publisher = {ACM},
  volume = {},
  number = {},
  series = {},
  month = jan,
  note = {}
}

@ARTICLE{Perrouin12b,
  author = {Perrouin, Gilles and Oster, Sebastian and Sen, Sagar and Klein, Jacques and Baudry, Benoit and le Traon, Yves},
  title = {{Pairwise Testing for Software Product Lines: Comparison of Two Approaches}},
  journal = {{Software Quality Journal}},
  publisher = {Springer},
  year = 2012,
  volume = 20,
  number = 3,
  pages = {605--643},
  month = {},
  note = {}
}

@INPROCEEDINGS{Krieter16,
  author = {Krieter, Sebastian and Schr\"oter, Reimar and Th\"um, Thomas and Fenske, Wolfram and Saake, Gunter},
  title = {{Comparing Algorithms for Efficient Feature-Model Slicing}},
  booktitle = {{Proceedings of the 20th International Systems and Software Product-Line Conference (SPLC'16)}},
  year = 2016,
  editor = {Rabiser, Rick and Xie, Bing},
  pages = {60--64},
  address = {Beijing, China},
  organization = {},
  publisher = {ACM},
  volume = {},
  number = {},
  series = {},
  month = sep,
  note = {}
}

@ARTICLE{Bagheri11,
  author = {Bagheri, Ebrahim and Gasevic, Dragan},
  title = {{Assessing the Maintainability of Software Product Line Feature Models Using Strutural Metrics}},
  journal = {{Software Quality Journal}},
  publisher = {Springer},
  year = 2011,
  volume = 19,
  number = 3,
  pages = {576--612},
  month = jan,
  note = {}
}

@INPROCEEDINGS{Thum11,
  author = {Th\"um, Thomas and K\"astner, Christian and Erdweg, Sebastian and Siegmund, Norbert},
  title = {{Abstract Features in Feature Modeling}},
  booktitle = {{Proceedings of the 15th International Systems and Software Product-Line Conference (SPLC'11)}},
  year = 2011,
  editor = {Schaefer, Ina and John, Isabel and Schmid, Klaus},
  pages = {191--200},
  address = {M\"unich, Germany},
  organization = {},
  publisher = {ACM},
  volume = {},
  number = {},
  series = {},
  month = aug,
  note = {}
}

@INPROCEEDINGS{Thum11b,
  author = {Th\"um, Thomas and Schaefer, Ina and Kuhlemann, Martin and Apel, Sven},
  title = {{Proof Composition for Deductive Verification of Software Product Lines}},
  booktitle = {{Proceedings of the International Conference on Software Testing Verification and Validation Workshop (ICSTW'11)}},
  year = 2011,
  editor = {},
  pages = {270--277},
  address = {Berlin, Germany},
  organization = {},
  publisher = {IEEE},
  volume = {},
  number = {},
  series = {},
  month = mar,
  note = {}
}

@INPROCEEDINGS{Zhang08b,
  author = {Zhang, Tao and Deng, Lei and Wu, Jian and Zhou, Qiaoming and Ma, Chunyan},
  title = {{Some Metrics for Accessing Quality of Product Line Architecture}},
  booktitle = {{Proceedings of the International Conference on Computer Science and Software Engineering (ICCSSE'08)}},
  year = 2008,
  editor = {},
  pages = {500--503},
  address = {Wuhan, China},
  organization = {},
  publisher = {},
  volume = {},
  number = {},
  series = {},
  month = {},
  note = {}
}

@INPROCEEDINGS{VanDerHoek03,
  author = {van der Hock, Andr\'e and Dincel, Ebru and Medvidovi\'c, Nenad},
  title = {{Using Service Utilization Metrics to Assess the Structure of Product Line Architectures}},
  booktitle = {{Proceedings of the 5th International Workshop on Enterprise Networking and Computing in Healthcare Industry (IWENCHI'03)}},
  year = 2003,
  editor = {},
  pages = {298--308},
  address = {Sidney, Australia},
  organization = {},
  publisher = {IEEE},
  volume = {},
  number = {},
  series = {},
  month = {},
  note = {}
}

@INPROCEEDINGS{Aldekoa06,
  author = {Aldekoa, Gentzane and Trujillo, Salvador and Mendieta, Goiuria Sagardui and D{\'\i}az, Oscar},
  title = {{Experience Measuring Maintainability in Software Product Lines}},
  booktitle = {{Proceedings of the XI Jornadas de Ingenieria del Software y Bases de Datos (JISBD'06)}},
  year = 2006,
  editor = {Riquelme Santos, Jos\'e Crist\'obal and Botella, Pere},
  pages = {173--182},
  address = {Barcelona, Spain},
  organization = {},
  publisher = {},
  volume = {},
  number = {},
  series = {},
  month = oct,
  note = {}
}

@INPROCEEDINGS{Aldekoa08,
  author = {Aldekoa, Gentzane and Trujillo, Salvador and Sagardui, Goiuria and D{\'\i}az, Oscar},
  title = {{Quantifying Maintainability in Feature Oriented Product Lines}},
  booktitle = {{Proceedings of the 12th European Conference on Software Maintenance and Reengineering (CSMR'08)}},
  year = 2008,
  editor = {Tjiortjis, Christos and Winter, Andreas},
  pages = {243--247},
  address = {Athens, Greece},
  organization = {},
  publisher = {IEEE},
  volume = {},
  number = {},
  series = {},
  month = apr,
  note = {}
}

@INPROCEEDINGS{Gronniger10,
  author = {Gr\"onniger, Hans and Rumpe, Bernhard},
  title = {{Modeling Language Variability}},
  booktitle = {{Proceedings of the 16th Monterey Workshop on Modeling, Development and VErification of Adaptive Systems (WMDVAS'10)}},
  year = 2010,
  editor = {Calinescu, Radu and Jackson, Ethan},
  pages = {17--32},
  address = {Redmond, WA, USA},
  organization = {},
  publisher = {Springer},
  volume = {},
  number = {},
  series = {Lecture Notes in Computer Science 6662},
  month = mar#"-"#apr,
  note = {}
}

@INPROCEEDINGS{Krueger01,
  author = {Krueger, Charles W.},
  title = {{Easing the Transition to Software Mass Customization}},
  booktitle = {{Proceedings of the 1st International Workshop on Software Product-Family Engineering (PFE'01)}},
  year = 2001,
  editor = {van der Linden, F.},
  pages = {282--293},
  address = {Bilbao, Spain},
  organization = {},
  publisher = {Springer},
  volume = {},
  number = {},
  series = {Lecture Notes in Computer Science 2290},
  month = oct,
  note = {}
}

@ARTICLE{Benavides10,
  author = {Benavides, David and Segura, Sergio and Ruiz-Cort\'es, Antonio},
  title = {{Automated Analysis of Feature Models 20 Years Later: A Literature Review}},
  journal = {{Information Systems}},
  publisher = {Elsevier},
  year = 2010,
  volume = 35,
  number = 6,
  pages = {615--636},
  month = sep,
  note = {}
}

@INPROCEEDINGS{TerBeek19,
  author = {{\sortnoop{Beek}}ter Beek, Maurice H. and Damiani, Ferruccio and Lienhardt, Michael and Mazzanti, Franco and Paolini, Luca},
  title = {{Static Analysis of Featured Transition Systems}},
  booktitle = {{Proceedings of the 23rd International Systems and Software Product Line Conference (SPLC'19)}},
  year = 2019,
  editor = {Duchien, Laurence and Th\"um, Thomas},
  pages = {39--51},
  address = {Paris, France},
  organization = {},
  publisher = {ACM},
  volume = {},
  number = {},
  series = {},
  month = sep,
  note = {}
}

@TECHREPORT{Colyer04,
  author = {Colyer, Adrian and Rashid, Awais and Blair, Gordon},
  title = {{On the Separation of Concerns in Program Families}},
  institution = {Lancaster University},
  year = 2004,
  type = {Technical Report},
  number = 107,
  address = {Lancaster, United Kingdom},
  month = {},
  note = {}
}

@INPROCEEDINGS{Mendez-Acuna16b,
  author = {M\'endez-Acu\~na, David and Galindo, Jos\' A. and Combemale, Beno\^{\i}t and Blouin, Arnaud and Baudry, Beno\^{\i}t},
  title = {{Puzzle: A Tool for Analyzing and Extracting Specification Clones in DSLs}},
  booktitle = {{Proceedings of the International Conference on Software Reuse (ICSR'16)}},
  year = 2016,
  editor = {Kapitsaki, Georgia M. and Santana de Almeida, Eduardo},
  pages = {393--396},
  address = {Limassol, Cyprus},
  organization = {},
  publisher = {Springer},
  volume = {},
  number = {},
  series = {Lecture Notes in Computer Science 9679},
  month = jun,
  note = {}
}

@INCOLLECTION{Batory00b,
  author = {Batory, Don and Cardone, Rich and Smaragdakis, Yoannis},
  title = {{Object-Oriented Frameworks and Product Lines}},
  booktitle = {{Software Product Lines}},
  editor = {Donohoe, P.},
  publisher = {Springer},
  year = 2000,
  chapter = {},
  pages = {227--247},
  address = {},
  volume = {},
  number = {},
  series = {SECS 576},
  type = {},
  edition = {},
  month = {},
  note = {}
}

@INPROCEEDINGS{Hinterreiter18,
  author = {Hinterreiter, Daniel and Linsbauer, Lukas and Reisinger, Florian and Pr\"ahofer, Herbert and Gr\"unbacher, Paul and Egyed, Alexander},
  title = {{Feature-Oriented Evolution of Automation Software Systems in Industrial Software Ecosystems}},
  booktitle = {{Proceedings of the 23rd International Conference on Emerging Technologies and Factory Automation (ETFA'18)}},
  year = 2018,
  editor = {Mahulea, Cristian and Seatzu, Carla},
  pages = {107--114},
  address = {Torino, Italy},
  organization = {},
  publisher = {IEEE},
  volume = {},
  number = {},
  series = {},
  month = sep,
  note = {}
}

@INPROCEEDINGS{Antkiewicz14,
  author = {Antkiewicz, Michael and Ji, Wenbi and Berger, Thorsten and Czarnecki, Krzysztof and Schmorleiz, Thomas and L\"ammel, Ralf and St\u{a}nciulescu, Stefan and W\k{a}sowski, Andrzej and Schaefer, Ina},
  title = {{Flexible Product Line Engineering with a Virtual Platform}},
  booktitle = {{Companion Proceedings of the 36th International Conference on Software Engineering (ICSE'14 Companio)}},
  year = 2014,
  editor = {Jalote, Pankaj and Briand, Lionel and van der Hoek, Andr\'e},
  pages = {532--535},
  address = {Hyderabad, India},
  organization = {},
  publisher = {ACM},
  volume = {},
  number = {},
  series = {},
  month = may#"-"#jun,
  note = {}
}

@INPROCEEDINGS{Rubin13,
  author = {Rubin, Julia and Czarnecki, Krzysztof and Chechik, Marsha},
  title = {{Managing Cloned Variants: A Framework and Experience}},
  booktitle = {{Proceedings of the 17th International Software Product Line Conference (SPLC'13)}},
  year = 2013,
  editor = {Jarzabek, Stan and Gnesi, Stefania},
  pages = {101--110},
  address = {Tokyo, Japan},
  organization = {},
  publisher = {ACM},
  volume = {},
  number = {},
  series = {},
  month = sep,
  note = {}
}

@INPROCEEDINGS{Dubinsky13,
  author = {Dubinsky, Yael and Rubin, Julia and Berger, Thorsten and Duszynski, Slawomir and Becker, Martin and Czarnecki, Krzysztof},
  title = {{An Exploratory Study of Cloning in Industrial Software Product Lines}},
  booktitle = {{Proceedings of the 21st International Systems and Software Product Line Conference (SPLC'17)}},
  year = 2017,
  editor = {Cohen, Myra and Acher, Mathieu},
  pages = {25--34},
  address = {Sevilla, Spain},
  organization = {},
  publisher = {ACM},
  volume = {},
  number = {},
  series = {},
  month = sep,
  note = {}
}

@INPROCEEDINGS{Mann11,
  author = {Mann, Stefan and Rock, Georg},
  title = {{Control Variant-Rich Models by Variability Measures}},
  booktitle = {{Proceedings of the 5th Workshop on Variability Modeling of Software-Intensive Systems (VaMoS'11)}},
  year = 2011,
  editor = {Czarnecki, Krzysztof and Eisenecker, Ulrich W.},
  pages = {29--38},
  address = {Namur, Belgium},
  organization = {},
  publisher = {ACM},
  volume = {},
  number = {},
  series = {},
  month = jan,
  note = {}
}

@INPROCEEDINGS{Schmid02,
  author = {Schmid, Klaus},
  title = {{A Comprehensive Product Line Scoping Approach and Its Validation}},
  booktitle = {{Proceedings of the 24th International Conference on Software Engineering (ICSE'02)}},
  year = 2002,
  editor = {Magee, Jeff and Young, Michal},
  pages = {593--603},
  address = {Orlando FL, Florida},
  organization = {},
  publisher = {ACM},
  volume = {},
  number = {},
  series = {},
  month = may,
  note = {}
}

@INPROCEEDINGS{Rosenmuller11,
  author = {Rosenm\"uller, Marko and Siegmund, Norbert and Th\"um and Saake, Gunter},
  title = {{Multi-Dimensional Variability Modeling}},
  booktitle = {{Proceedings of the 5th Workshop on Variability Modeling of Software-Intensive Systems (VaMoS'11)}},
  year = 2011,
  editor = {Czarnecki, Krzysztof and Eisenecker, Ulrich W.},
  pages = {11--20},
  address = {Namur, Belgium},
  organization = {},
  publisher = {ACM},
  volume = {},
  number = {},
  series = {},
  month = jan,
  note = {}
}

@INPROCEEDINGS{Kastner08,
  author = {K\"astner, Christian and Apel, Sven and Kuhlemann, Martin},
  title = {{Granularity in Software Product Lines}},
  booktitle = {{Proceedings of the 30th International Conference on Software Engineering (ICSE'08)}},
  year = 2008,
  editor = {Dwyer, Matthew B. and Gruhn, Volker},
  pages = {311--320},
  address = {Leipzig, Germany},
  organization = {},
  publisher = {ACM},
  volume = {},
  number = {},
  series = {},
  month = may,
  note = {}
}

@INPROCEEDINGS{Cordy13,
  author = {Cordy, Maxime and Classen, Andreas and Heymans, Patrick and Schobbens, Pierre-Yves and Legay, Axel},
  title = {{ProVeLines: A Product Line of Verifiers for Software Product Lines}},
  booktitle = {{Proceedings of the 17th International Software Product Line Conference (SPLC'13 Workshops)}},
  year = 2013,
  editor = {},
  pages = {141--146},
  address = {Tokyo, Japan},
  organization = {},
  publisher = {ACM},
  volume = {},
  number = {},
  series = {},
  month = aug,
  note = {}
}

@INPROCEEDINGS{Sundermann21,
  author = {Sundermann, Chico and Nieke, Michael and Bittner, Paul M. and He\ss, Tobias and Th\"um, Thomas},
  title = {{Applications of \#SAT Solvers on Feature Models}},
  booktitle = {{Proceedings of the 15th International Working Conference on Variability Modelling of Software-Intensive Systems (VaMoS'21)}},
  year = 2021,
  editor = {Gr\"unbacher, Paul and Seidl, Christoph and Dhungana, Deepak and {\L}ovasz-Bukvova, Helena},
  pages = {1--10},
  address = {Krems, Austria},
  organization = {},
  publisher = {ACM},
  volume = {},
  number = {},
  series = {},
  month = feb,
  note = {}
}

@ARTICLE{Holldobler18,
  author = {H\"olldobler, Katrin and Rumpe, Bernhard and Wortmann, Andreas},
  title = {{Software Language Engineering in the Large: Towards Composing and Deriving Languages}},
  journal = {{Computer Languages, Systems and Structures}},
  publisher = {Elsevier},
  year = 2018,
  volume = 54,
  number = {},
  pages = {386--405},
  month = dec,
  note = {}
}

@ARTICLE{Bencomo12,
  author = {Bencomo, Nelly and Hallsteinsen, Svein and de Almeida, Eduardo Santana},
  title = {{A View of the Dynamic Software Product Line Landscape}},
  journal = {{IEEE Computer}},
  publisher = {IEEE},
  year = 2012,
  volume = 45,
  number = 10,
  pages = {36--41},
  month = oct,
  note = {}
}

@ARTICLE{Pascual15,
  author = {Pascual, Gustavo G. and Lopez-Herrejon, Roberto E. and Pinto, M\'onica and Fuentes, Lidia and Egyed, Alexander},
  title = {{Applying Multiobjective Evolutionary Algorithms to Dynamic Software Product Lines for Reconfiguring Mobile Applications}},
  journal = {{Journal of Systems and Software}},
  publisher = {Elsevier},
  year = 2015,
  volume = 103,
  number = {},
  pages = {392--411},
  month = may,
  note = {}
}

@ARTICLE{Hallsteinsen08,
  author = {Hallsteinsen, Svein and Hinchey, Mike and Park, Sooyong and Schmid, Klaus},
  title = {{Dynamic Software Product Lines}},
  journal = {{IEEE Computer}},
  publisher = {IEEE},
  year = 2008,
  volume = 41,
  number = 4,
  pages = {93--95},
  month = apr,
  note = {}
}

@ARTICLE{Dhungana10,
  author = {Dhungana, Deepak and Gr\"unbacher, Paul and Rabiser, Rick and Neumayer, Thomas},
  title = {{Structuring the Modeling Space and Supporting Evolution in Software Product Line Engineering}},
  journal = {{Journal of Systems and Software}},
  publisher = {Elsevier},
  year = 2010,
  volume = 83,
  number = 6,
  pages = {1108--1122},
  month = jul,
  note = {}
}

@ARTICLE{Dhungana11,
  author = {Dhungana, Deepak and Gr{\"u}nbacher, Paul and Rabiser, Rick},
  title = {{The DOPLER Meta-Tool for Decision-Oriented Variability Modeling: A Multiple Case Study}},
  journal = {{Automated Software Engineering}},
  publisher = {Kluwer Academic Publishers},
  year = 2011,
  volume = 18,
  number = 1,
  pages = {77--114},
  month = mar,
  note = {}
}

@INPROCEEDINGS{Lackner14,
  author = {Lackner, Hartmut and Schmidt, Martin},
  title = {{Towards the Assessment of Software Product Line Tests: A Mutation System for Variable Systems}},
  booktitle = {{Proceedings of 18th International Software Product Line Conference (SPLC'14)}},
  year = 2014,
  editor = {Heymans, Patrick and Rubin, Julia},
  pages = {62--69},
  address = {Florence, Italy},
  organization = {},
  publisher = {ACM},
  volume = {},
  number = {},
  series = {},
  month = sep,
  note = {}
}

@INPROCEEDINGS{Schaefer10,
  author = {Schaefer, Ina and Bettini, Lorenzo and Bono, Viviana and Damiani, Ferruccio and Tanzarella, Nico},
  title = {{Delta-Oriented Programming of Software Product Lines}},
  booktitle = {{Proceedings of the 14th International Software Product Line Conference (SPLC'10)}},
  year = 2010,
  editor = {Bosch, Jan and Lee, Jaejoon},
  pages = {77--91},
  address = {Jeju Island, South Korea},
  organization = {},
  publisher = {Springer},
  volume = {},
  number = {},
  series = {Lecture Notes on Computer Science 6287},
  month = sep,
  note = {}
}

@INPROCEEDINGS{Prehofer97,
  author = {Prehofer, Christian},
  title = {{Feature-Oriented Programming: A Fresh Look at Objects}},
  booktitle = {{Proceedings of the 11th European Conference on Object-Oriented Programming (ECOOP'97)}},
  year = 1997,
  editor = {Ak\c{s}it, Mehmet and Matsuoka, Satoshi},
  pages = {419--443},
  address = {Helsinki, Finland},
  organization = {},
  publisher = {Springer},
  volume = {},
  number = {},
  series = {Lecture Notes in Computer Science 1241},
  month = jun,
  note = {}
}

@BOOK{Saffer10,
  author = {Saffer, Dan},
  editor = {},
  title = {{Designing for Interaction: Creating Innovative Applications and Devices}},
  publisher = {New Riders},
  year = 2010,
  address = {},
  edition = {},
  volume = {},
  number = {},
  series = {},
  month = {},
  note = {}
}

@ARTICLE{Prehofer01,
  author = {Prehofer, Christian},
  title = {{Feature-Oriented Programming: A New Way of Object Composition}},
  journal = {{Concurency and Computation: Practice and Experience}},
  publisher = {Wiley Online Library},
  year = 2001,
  volume = 13,
  number = 6,
  pages = {465--501},
  month = may,
  note = {}
}

@INPROCEEDINGS{Mezini04,
  author = {Mezini, Mira and Ostermann, Klaus},
  title = {{Variability Management with Feature-Oriented Programming and Aspects}},
  booktitle = {{Proceedings of the 12th international Symposium on Foundations of Software Engineering (FSE'04)}},
  year = 2004,
  editor = {Dwyer, Matthew B.},
  pages = {127--136},
  address = {New Port Beach, CA, USA},
  organization = {},
  publisher = {ACM},
  volume = {},
  number = {},
  series = {},
  month = oct,
  note = {}
}

@INPROCEEDINGS{Abukwaik18,
  author = {Abukwaik, Hadil and Burger, Andreas and Andam, Berima Kweku and Berger, Thorsten},
  title = {{Semi-Automated Feature Traceability with Embedded Annotations}},
  booktitle = {{Proceedings of the 2018 IEEE International Conference on Software Maintenance and Evolution (ICSME'18)}},
  year = 2018,
  editor = {Khomh, Foutse and Lo, David},
  pages = {529--533},
  address = {Madrid, Spain},
  organization = {},
  publisher = {IEEE},
  volume = {},
  number = {},
  series = {},
  month = sep,
  note = {}
}

@INPROCEEDINGS{Cruz19,
  author = {Cruz, Daniel and Figueiredo, Eduardo and Martinez, Jabier},
  title = {{A Literature Review and Comparison of Three Feature Location Techniques Using ArgoUML-SPL}},
  booktitle = {{Proceedings of the 13th International Workshop on Variability Modelling of Software-Intensive Systems (VaMoS'19)}},
  year = 2019,
  editor = {Perrouin, Guilles and Weyns, Danny},
  pages = {16:1--16:10},
  address = {Leuven, Belgium},
  organization = {},
  publisher = {ACM},
  volume = {},
  number = {},
  series = {},
  month = feb,
  note = {}
}

@INPROCEEDINGS{Martinez18,
  author = {Martinez, Jabier and Ordo\~{n}ez, Nicolas and T\"{e}rnava, Xhevahire and Ziadi, Tewfik and Aponte, Jairo and Figueiredo, Eduardo and Valente, Marco Tulio},
  title = {{Feature Location Benchmark with ArgoUML SPL}},
  booktitle = {{Proceedings of the 22nd International Systems and Software Product Line Conference (SPLC'18)}},
  year = 2018,
  editor = {Berger, Thorsten and Borba, Paulo},
  pages = {257--263},
  address = {Gothenburg, Sweden},
  organization = {},
  publisher = {ACM},
  volume = {},
  number = {},
  series = {},
  month = sep,
  note = {}
}

@ARTICLE{Razzaq19,
  author = {Razzaq, Abdul and Wasala, Asanka and Exton, Chris and Buckley, Jim},
  title = {{The State of Empirical Evaluation in Static Feature Location}},
  journal = {{Transaction on Software Engineering and Methodology}},
  publisher = {ACM},
  year = 2019,
  volume = 28,
  number = 1,
  pages = {1--58},
  month = jan,
  note = {}
}

@INPROCEEDINGS{Shatnawi21,
  author = {Shatnawi, Hazim and Cunningham, H. Conrad},
  title = {{Encoding Feature Models Using Mainstream JSON Technologies}},
  booktitle = {{Proceedings of the 2021 ACM Southeast Conferance (ACM-SE'21)}},
  year = 2021,
  editor = {Gamess, Eric},
  pages = {146--153},
  address = {USA},
  organization = {},
  publisher = {ACM},
  volume = {},
  number = {},
  series = {},
  month = apr,
  note = {}
}

@ARTICLE{Seidl17,
  author = {Seidl, Christoph and Schuster, Sven and Schaefer, Ina},
  title = {{Generative Software Product Line Development Using Variability-Aware Design Patterns}},
  journal = {{Computer Languages, Systems and Structures}},
  publisher = {Elsevier},
  year = 2017,
  volume = 48,
  number = {},
  pages = {89--111},
  month = jun,
  note = {}
}

@INPROCEEDINGS{Meinicke14,
  author = {Meinicke, Jens and Th\"um, Thomas and Schr\"oter, Reimar and Benduhn, Fabian and Saake, Gunter},
  title = {{An Overview on Analysis Tools for Software Product Lines}},
  booktitle = {{Proceedings of 18th International Software Product Line Conference (SPLC'14)}},
  year = 2014,
  editor = {Heymans, Patrick and Rubin, Julia},
  pages = {94--101},
  address = {Florence, Italy},
  organization = {},
  publisher = {ACM},
  volume = {},
  number = {},
  series = {},
  month = sep,
  note = {}
}

@ARTICLE{Schaefer11,
  author = {Schaefer, Ina and H\"ahnle, Reiner},
  title = {{Formal Methods in Software Product Line Engineering}},
  journal = {{IEEE Computer}},
  publisher = {IEEE},
  year = 2011,
  volume = 44,
  number = 2,
  pages = {82--85},
  month = feb,
  note = {}
}

@ARTICLE{Chimalakonda16,
  author = {Chimalakonda, Sridhar and Lee Dan Hyung},
  title = {{On the Evolution of Software and Systems Product Line Standards}},
  journal = {{ACM SIGSOFT Software Engineering Notes}},
  publisher = {ACM},
  year = 2016,
  volume = 41,
  number = 3,
  pages = {27--30},
  month = may,
  note = {}
}

@INPROCEEDINGS{Koscielny14,
  author = {Koscielny, Jonathan and Holthusen, S\"onke and Schaefer, Ina and Schulze, Sandro and Bettini, Lorenzo and Ferruccio, Damiani},
  title = {{DeltaJ 1.5: Delta-Oriented Programming for Java 1.5}},
  booktitle = {{Proceedings of the 2014 International Conference on Principles and Practices of Programming on the Java platform: Virtual machines, Languages, and Tools (PPPJ'14)}},
  year = 2014,
  editor = {Childers, Bruce},
  pages = {63--74},
  address = {Cracow, Poland},
  organization = {},
  publisher = {ACM},
  volume = {},
  number = {},
  series = {},
  month = sep,
  note = {}
}

@INPROCEEDINGS{Setyautami21,
  author = {Setyautami, Maya Retno Ayu and H\"ahnle, Reiner},
  title = {{An Architectural Pattern to Realize Multi Software Product Lines in Java}},
  booktitle = {{Proceedings of the 15th International Working Conference on Variability Modelling of Software-Intensive Systems (VaMoS'21)}},
  year = 2021,
  editor = {Gr\"unbacher, Paul and Seidl, Christoph and Dhungana, Deepak and {\L}ovasz-Bukvova, Helena},
  pages = {9:1--9:9},
  address = {Krems, Austria},
  organization = {},
  publisher = {ACM},
  volume = {},
  number = {},
  series = {},
  month = feb,
  note = {}
}

@INPROCEEDINGS{Sincero07,
  author = {Sincero, Julio and Schirmeier, Horst and Schr\"oder-Preikschat, Wolfgang and Spinczyk, Olaf},
  title = {{Is the Linux Kernel a Software Product Line?}},
  booktitle = {{Proceedings of the 2nd International Workshop on Open Source Software and Product Lines (SPLC-OSSPL'07)}},
  year = 2007,
  editor = {van der Linden, Frank and Lnndell, Bj\"orn},
  pages = {},
  address = {Kyoto, Japan},
  organization = {},
  publisher = {},
  volume = {},
  number = {},
  series = {},
  month = sep,
  note = {}
}

@ARTICLE{Dwivedi18,
  author = {Dwivedi, Ashish Kumar and Tirkey, Anand and Rath, Santanu Kumar},
  title = {{Software Design Pattern Mining Using Classification-Based Techniques}},
  journal = {{Frontiers of Computer Science}},
  publisher = {Springer},
  year = 2018,
  volume = 12,
  number = 5,
  pages = {908--922},
  month = oct,
  note = {}
}

@INPROCEEDINGS{Liebig10,
  author = {Liebig, J\"org and Apel, Sven and Lengauer, Christian and K\"astner, Christian and Schulze, Michael},
  title = {{An Analysis of the Variability in Forty Preprocessor-Based Software}},
  booktitle = {{Proceedings of the 32nd International Conference on Software Engineering (ICSE'10)}},
  year = 2010,
  editor = {Kramer, Jeff and Bishop, Judith and Devanbu, Prem and Uchitel, Sebastian},
  pages = {105--114},
  address = {Cape Town, South Africa},
  organization = {},
  publisher = {IEEE},
  volume = {},
  number = {},
  series = {},
  month = may,
  note = {}
}

@ARTICLE{Apel22,
  author = {Apel, Sven and K\"astner, Christian and Kang, Eunsuk},
  title = {{Feature Interactions on Steroids: On the Composition of ML Models}},
  journal = {{IEEE Software}},
  publisher = {IEEE},
  year = 2022,
  volume = 39,
  number = {},
  pages = {120--124},
  month = may#"-"#jun,
  note = {}
}

@ARTICLE{HorcasAguilera22,
  author = {Horcas Aguilera, Jose-Miguel and Corti\~nas, Alejandro and Fuentes, Lidia and Luaces, Miguel R.},
  title = {{Combining Multiple Granularity Variability in a Software Product Line Approach for Web Engineering}},
  journal = {{Information and Software Technology}},
  publisher = {Elsevier},
  year = 2022,
  volume = 148,
  number = {},
  pages = {},
  month = aug,
  note = {}
}

@ARTICLE{TerBeek21,
  author = {{\sortnoop{Beek}}ter Beek, Maurice H. and Damiani, Ferruccio and Lienhardt, Michael and Mazzanti, Franco and Paolini, Luca},
  title = {{Efficient Static Analysis and Verification of Featured Transition Systems}},
  journal = {{Empirical Software Engineering}},
  publisher = {Springer},
  year = 2021,
  volume = 27,
  number = 10,
  pages = {},
  month = oct,
  note = {}
}

@INPROCEEDINGS{Pfeiffer21,
  author = {Pfeiffer, J\'er\^ome and Wortmann, Andreas},
  title = {{Towards the Black-Box Aggregation of Language Components}},
  booktitle = {{Proceedings of the 3rd International Workshop on Modelling Language Engineering (MLE'21)}},
  year = 2021,
  editor = {Ciccozzi, Federico and Degueule, Thomas and Eramo, Romina and G\'erard, S\'ebastien},
  pages = {576--585},
  address = {Fukuoka, Japan},
  organization = {},
  publisher = {IEEE},
  volume = {},
  number = {},
  series = {},
  month = oct,
  note = {}
}

@INPROCEEDINGS{Basile20,
  author = {Basile, Davide and ter Beek, Maurice H. and Cordy, Maxime and Legay, Axel},
  title = {{Tackling the Equivalent Mutant Problem in Real-Time Systems: The 12 Commandments of Model-Based Mutation Testing}},
  booktitle = {{Proceedings of the 24th International Software Product Line Conference (SPLC'20)}},
  year = 2020,
  editor = {Collet, Philippe and Nadi, Sarah},
  pages = {252--262},
  address = {Montr\'eal, Canada},
  organization = {},
  publisher = {ACM},
  volume = {},
  number = {},
  series = {},
  month = oct,
  note = {}
}

@ARTICLE{Basile22,
  author = {Basile, Davide and ter Beek, Maurice H. and Lazreg, Sami and Cordy, Maxime and Legay, Axel},
  title = {{Static Detection of Equivalent Mutants in Real-Time Model-Based Mutation Testing}},
  journal = {{Empirical Software Engineering}},
  publisher = {Springer},
  year = 2022,
  volume = 27,
  number = {},
  pages = {},
  month = {},
  note = {}
}

@INCOLLECTION{Rubin13b,
  author = {Rubin, Julia and Chechik, Marsha},
  title = {{A Survey of Feature Location Techniques}},
  booktitle = {{Domain Engineering: Product Lines, Languages and Conceptual Models}},
  publisher = {Springer},
  year = 2013,
  chapter = {},
  pages = {29--58},
  address = {},
  editor = {Reinhartz-Berger, Iris and Sturm, Arnon and Clark, Tony and Cohen, Sholom and Bettin, Jorn},
  volume = {},
  number = {},
  series = {},
  type = {},
  edition = {},
  month = {},
  note = {}
}

@INPROCEEDINGS{TerBeek19b,
  author = {{\sortnoop{Beek}}ter Beek, Maurice H. and Schmid, Klaus and Eichelberger, Holger},
  title = {{Textual Variability Modeling Languages: An Overview and Considerations}},
  booktitle = {{Proceedings of the 23rd International Systems and Software Product Line Conference (SPLC'19)}},
  year = 2019,
  editor = {Th\"um, Thomas and Duchien, Laurence},
  pages = {151--157},
  address = {Paris, France},
  organization = {},
  publisher = {ACM},
  volume = {},
  number = {},
  series = {},
  month = sep,
  note = {}
}

@INPROCEEDINGS{Clarke10,
  author = {Clarke, Dave and Muschevici, Radu and Proen\c{c}a, Jos\'e and Schaefer, Ina and Schlatte, Rudolf},
  title = {{Variability Modelling in the ABS Language}},
  booktitle = {{Proceedings of the 9th International Symposium on Formal Methods for Components and Objects (FMCO'10)}},
  year = 2010,
  editor = {Aichernig, Bernhard K. and de Boer, Frank S. and Bonsangue, Marcello M.},
  pages = {204--224},
  address = {Graz, Austria},
  organization = {},
  publisher = {Springer},
  volume = {},
  number = {},
  series = {Lecture Notes in Computer Science 6957},
  month = nov#"/"#dec,
  note = {}
}

@ARTICLE{Classen11,
  author = {Classen, Andreas and Boucher, Quentin and Heymans, Patrick},
  title = {{A Text-Based Approach to Feature Modelling: Syntax and Semantics of TVL}},
  journal = {{Science of Computer Programming}},
  publisher = {Elsevier},
  year = 2011,
  volume = 76,
  number = 12,
  pages = {1130--1143},
  month = dec,
  note = {}
}

@INPROCEEDINGS{Mendonca09,
  author = {Mendonca, Marcilio and Branco, Moises and Cowan, Donald},
  title = {{S.P.L.O.T.---Software Product Lines Online Tools}},
  booktitle = {{Companion Proceedings of the 24th Conference on Object-Oriented Programming Systems Languages and Applications (Companion OOPSLA'09)}},
  year = 2009,
  editor = {},
  pages = {761--762},
  address = {Orlando, FL, USA},
  organization = {},
  publisher = {ACM},
  volume = {},
  number = {},
  series = {},
  month = oct,
  note = {}
}

@INPROCEEDINGS{Kastner07,
  author = {K\"astner, Christian and Apel, Sven and Batory, Don},
  title = {{A Case Study Implementing Features Using AspectJ}},
  booktitle = {{Proceedings of the 11th Software Product Line Conference (SPLC'07)}},
  year = 2007,
  editor = {Kishi, Tomoji and Muthig, Dirk},
  pages = {223--232},
  address = {Kyoto, Japan},
  organization = {},
  publisher = {IEEE},
  volume = {},
  number = {},
  series = {},
  month = sep,
  note = {}
}

@INPROCEEDINGS{Damiani16,
  author = {Damiani, Ferruccio and Lienhardt, Michael},
  title = {{Refactoring Delta-Oriented Product Lines to Achieve Monotonicity}},
  booktitle = {{Proceedings 7th International Workshop on Formal Methods and Analysis in Software Product Line Engineering (FMSPLE'16)}},
  year = 2016,
  editor = {Rubin, Julia and Th\"um, Thomas},
  pages = {2--16},
  address = {Eindhoven, The Netherlands},
  organization = {},
  publisher = {},
  volume = {},
  number = {},
  series = {},
  month = apr,
  note = {}
}

@INPROCEEDINGS{Schulze13,
  author = {Schulze, Sandro and Richers, Oliver and Schaefer, Ina},
  title = {{Refactoring Delta-Oriented Software Product Lines}},
  booktitle = {{Proceedings of the 12th Annual International Conference on Aspect-Oriented Software Development (AOSD'13)}},
  year = 2013,
  editor = {Kienzle, J\"org},
  pages = {73--84},
  address = {Fukuoka, Japan},
  organization = {},
  publisher = {ACM},
  volume = {},
  number = {},
  series = {},
  month = mar,
  note = {}
}

@BOOK{Batory21,
  author = {Batory, Don},
  editor = {},
  title = {{Automated Software Design Volume 1}},
  publisher = {Lulu.com},
  year = 2021,
  address = {},
  edition = {second},
  volume = {},
  number = {},
  series = {},
  month = oct,
  note = {}
}

@BOOK{Apel13b,
  author = {Apel, Sven and Batory, Don and K\"astner, Christian and Saale, Gunter},
  editor = {},
  title = {{Feature-Oriented Software Product Lines}},
  publisher = {Springer},
  year = 2013,
  address = {},
  edition = {},
  volume = {},
  number = {},
  series = {},
  month = apr,
  note = {}
}

@INCOLLECTION{Benavides13,
  author = {Benavides, David and Trinidad, Pablo and Ruiz-Cort\'es, Antonio and Segura, Sergio},
  editor = {Capilla, Rafael and Bosch, Jan and Kang, Kyo-Chul},
  title = {{FaMa}},
  booktitle = {{Systems and Software Variability Management: Concepts, Tools and Experiences}},
  chapter = {},
  pages = {163--171},
  publisher = {Springer},
  year = 2013,
  address = {},
  volume = {},
  number = {},
  series = {},
  type = {},
  edition = {},
  month = {},
  note = {}
}

@INPROCEEDINGS{Beuche16,
  author = {Beuche, Danilo},
  title = {{Using Pure: Variants across the Product Line Lifecycle}},
  booktitle = {{Proceedings of the 20th International Systems and Software Product-Line Conference (SPLC'16)}},
  year = 2016,
  editor = {Rabiser, Rick and Xie, Bing},
  pages = {333-336},
  address = {Beijing, China},
  organization = {},
  publisher = {ACM},
  volume = {},
  number = {},
  series = {},
  month = sep,
  note = {}
}

@INPROCEEDINGS{Bunder19,
  author = {B\"under, Hendrck and Kuchen, Herbert},
  title = {{Towards Multi-editor Support for Domain-Specific Languages Utilizing the Language Server Protocol}},
  booktitle = {{Proceedings of the 7th International Conference on Model-Driven Engineering and Software Development (MODELSWARD'19)}},
  year = 2019,
  editor = {Hammoudi, Slimane and Pires, Lu{\'i}s Ferreira and Seli\'c, Bran},
  pages = {225--245},
  address = {Prague, Czech Republic},
  organization = {},
  publisher = {Springer},
  volume = {},
  number = {},
  series = {},
  month = feb,
  note = {}
}

@INPROCEEDINGS{Kastner08b,
  author = {K\"astner, Christian and Apel, Sven},
  title = {{Integrating Compositional and Annotative Approaches for Product Line Engineering}},
  booktitle = {{Proceedings of the GPCE Workshop on Modularization, Composition and Generative Techniques for Product Line Engineering (McGPLE'08)}},
  year = 2008,
  editor = {Loughran, Neil and Lopez-Herrejon, Roberto and Schwanninger, Christa and Apel, Sven},
  pages = {35--80},
  address = {Nashville, TN, USA},
  organization = {},
  publisher = {},
  volume = {},
  number = {},
  series = {},
  month = oct,
  note = {}
}

