@PREAMBLE{"\newcommand\sortnoop[1]{}"}
@STRING{cacm = "Communications of the ACM"}
@STRING{ieeese = "IEEE Transactions on Software Engineering"}
@STRING{tcs = "Theoretical Computer Science"}
@STRING{toplas = "ACM Transactions on Programming Languages and Systems"}
@STRING{acta = "Acta Informatica"}
@STRING{acmcs = "ACM Computing Surveys"}
@STRING{tosem = "ACM Transactions on Software Engineering and Methodology"}
@STRING{tog = "ACM Transactions on Graphics"}
