@INPROCEEDINGS{Rybnicek13,
  author = {Rybnicek, Marlies and Poisel, Rainer and Tjoa, Simon},
  title = {{Facebook Watchdog: A Research Agenda for Detecting Online Grooming and Bullying Activities}},
  booktitle = {{Proceedings of International Conference on Systems, Man and Cybernetics (SMC'13)}},
  year = 2013,
  editor = {},
  pages = {2854--2859},
  address = {Manchester, United Kingdom},
  organization = {},
  publisher = {IEEE},
  volume = {},
  number = {},
  series = {},
  month = oct,
  note = {}
}

@TECHREPORT{Bruntland87,
  author = {Bruntland, Gro Harlem},
  title = {{Our Common Future}},
  institution = {{The World Commission on Environment and Development}},
  year = 1987,
  type = {},
  number = {},
  publisher = {Oxford University Press},
  address = {Oxford},
  month = {},
  note = {http://www.un-documents.net/wced-ocf.htm}
}

@ARTICLE{Garg11,
  author = {Garg, Saurabh Kumar and Yeo, Chee Shin and Anandasivam, Arun and Buyya, Rajkumar},
  title = {{Environment-Conscious Scheduling of HPC Applications on Distributed Cloud-Oriented Data Centers}},
  journal = {{Journal of Parallel and Distributed Computing}},
  publisher = {Elsevier},
  year = 2011,
  volume = 71,
  number = 6,
  pages = {732--749},
  month = jun,
  note = {}
}

@INPROCEEDINGS{Heliot13,
  author = {H\'eliot, Fabien},
  title = {{Near-Optimal Energy-Efficient Joint resource Allocation for Multi-Hop MIMO-AF Systems}},
  booktitle = {{Proceedings of the 24th International Symposium on Personal Indoor and Mobile Radio Communications (PIMRC'13)}},
  year = 2013,
  editor = {},
  pages = {943--948},
  address = {Washington, DC, USA},
  organization = {},
  publisher = {IEEE},
  volume = {},
  number = {},
  series = {},
  month = sep,
  note = {}
}

@INPROCEEDINGS{Roher13,
  author = {Roher, Kristin and Richardson, Debra},
  title = {{Sustainability Requirement Patterns}},
  booktitle = {{Proceedings of the 2rd International Workshop on Requirements Patterns (RePa'13)}},
  year = 2013,
  editor = {},
  pages = {8--11},
  address = {Rio de Janeiro, Brazil},
  organization = {},
  publisher = {IEEE},
  volume = {},
  number = {},
  series = {},
  month = jul,
  note = {}
}

@INPROCEEDINGS{Penzenstadler13,
  author = {Penzenstadler, Birgit and Femmer, Henning},
  title = {{A Generic Model for Sustainability with Process- and Product-Specific Instances}},
  booktitle = {{Proceedings of the Workshop on Green in/by Software Engineering (GIBSE'13)}},
  year = 2013,
  editor = {},
  pages = {3--8},
  address = {Fukuoka, Japan},
  organization = {},
  publisher = {ACM},
  volume = {},
  number = {},
  series = {},
  month = mar,
  note = {}
}

@INCOLLECTION{Willis09,
  author = {Willis, Peter and McKenzie, Stephen and Harris, Roger},
  editor = {Willis, Peter and McKenzie, Stephen and Harris, Roger},
  title = {{Challenges in Adult and Vocational Education for Social Sustainability}},
  booktitle = {{Rethinking Work and Learning}},
  publisher = {Springer},
  year = 2009,
  chapter = 1,
  pages = {1--9},
  address = {},
  volume = {},
  number = {},
  series = {},
  type = {},
  edition = {},
  month = {},
  note = {}
}

@INCOLLECTION{McKenzie09,
  author = {McKenzie, Stephen},
  title = {{Adult and Vocational Education for Social Sustainability: A New Concept for TVET for Sustainable Development}},
  booktitle = {{Work, Learning and Sustainable Development}},
  publisher = {Springer},
  year = 2009,
  chapter = 13,
  pages = {177--186},
  address = {},
  editor = {Fien, John and Maclean, Rupert and Park, Man-Gon},
  volume = {},
  number = {},
  series = {},
  type = {},
  edition = {},
  month = {},
  note = {}
}

@INPROCEEDINGS{Greenwood12,
  author = {Greenwood, Phil and Rashid, Awais and Walkerdine, James},
  title = {{UDesignIt: Towards Social Media for Community-Driven Design}},
  booktitle = {{Proceedings of the 34th International Conference on Software Engineering (ICSE'12)}},
  year = 2012,
  editor = {},
  pages = {1321--1324},
  address = {Z\"urich, Switzerland},
  organization = {},
  publisher = {IEEE},
  volume = {},
  number = {},
  series = {},
  month = jun,
  note = {Track on New Ideas and Emerging Results}
}

@INPROCEEDINGS{Hinai14,
  author = {Al Hinai, Maryam and  Chitchyan, Ruzanna},
  title = {{Social Sustainability Indicators for Software: Initial Review}},
  booktitle = {{Proceedings of the 3rd International Workshop on Requirements Engineering for Sustainable Systems (RE4SuSy'14)}},
  year = 2014,
  editor = {Penzenstadler, Birgit and Mahaux, Martin and Salinesi, Camille},
  pages = {21--27},
  address = {Karlskrona, Sweden},
  organization = {},
  publisher = {},
  volume = {},
  number = {},
  series = {},
  month = aug,
  note = {}
}

@ARTICLE{Eick01,
  author = {Eick, Stephen, G. and Graves, Todd L. and Karr, Alan F. and Marron, J. S. and Mockus, Audris},
  title = {{Does Code Decay? Assessing the Evidence from Change Management Data}},
  journal = ieeese,
  publisher = {IEEE},
  year = 2001,
  volume = 27,
  number = 1,
  pages = {1--12},
  month = jan,
  note = {}
}

@INPROCEEDINGS{Dick13,
  author = {Dick, Marcus and Dragmeister, Jakob and Kern, Eva and Naumann, Stefan},
  title = {{Green Software Engineering with Agile Methods}},
  booktitle = {{Proceedings of the 2nd International Workshop on Green and Sustainable Software (GREENS'13)}},
  year = 2013,
  editor = {},
  pages = {78--85},
  address = {San Francisco, CA, USA},
  organization = {},
  publisher = {IEEE},
  volume = {},
  number = {},
  series = {},
  month = may,
  note = {}
}

@INPROCEEDINGS{Mahaux11,
  author = {Mahaux, Martin and Heymans, Patrick and Saval, Germain},
  title = {{Discovering Sustainability Requirements: An Experience Report}},
  booktitle = {{Proceedings of the 17th International Working Conference (REFSQ'11)}},
  year = 2011,
  editor = {Berry, Daniel and Franch, Xavier},
  pages = {19--33},
  address = {Essen, Germany},
  organization = {},
  publisher = {Springer},
  volume = {},
  number = {},
  series = {Lecture Notes in Computer Science 6606},
  month = mar,
  note = {}
}

@ARTICLE{Naumann11,
  author = {Naumann, Stefan and Dick, Markus and Kern, Eva and Johann, Timo},
  title = {{The GREENSOFT Model: A Reference Model for Green and Sustainable Software and Its Engineering}},
  journal = {{Sustainable Computing: Informatics and Systems}},
  publisher = {Elsevier},
  year = 2011,
  volume = 1,
  number = 4,
  pages = {294--304},
  month = dec,
  note = {}
}

@INPROCEEDINGS{Sloan10,
  author = {Sloan, David and Atkinson, Matthew Tylee and Machin, Colin and Li, Yungiu},
  title = {{The Potential of Adaptive Interfaces As an Accessibility Aid for Older Web Users}},
  booktitle = {{Proceedings of the 7th International Cross Disciplinary Conference on Web Accessibility (W4A'10)}},
  year = 2010,
  editor = {Ferres, Leo and Shelly, Cynthia},
  pages = {},
  address = {Raleigh, North Carolina, USA},
  organization = {},
  publisher = {ACM},
  volume = {},
  number = {},
  series = {},
  month = {},
  note = {}
}

@INPROCEEDINGS{Durdik12,
  author = {Durdik, Zoya and Klatt, Benjamin and Koziolek, Heiko and Krogmann, Klaus and Stammel, Johannes and Weiss, Roland},
  title = {{Sustainability Guidelines for Long-Living Software Systems}},
  booktitle = {{Proceedings of the 28th IEEE International Conference on Software Maintenance (ICSM'12)}},
  year = 2012,
  editor = {},
  pages = {517--526},
  address = {Trento, Italy},
  organization = {},
  publisher = {IEEE},
  volume = {},
  number = {},
  series = {},
  month = sep,
  note = {}
}

@INPROCEEDINGS{Becker15,
  author = {Becker, Christoph and Chitchyan, Ruzanna and Duboc, Leticia and Easterbrook, Steve and Penzenstadler, Birgit and Seyff, Norbert and Venters, Colin C.},
  title = {{Sustainability Design and Software: The Karlskrona Manifesto}},
  booktitle = {{Proceedings of the 37th International Conference on Software Engineering (ICSE'15)}},
  year = 2015,
  editor = {Canfora, Gerardo, Elbaum, Sebastian},
  pages = {},
  address = {Firenze, Italy},
  organization = {},
  publisher = {IEEE},
  volume = {},
  number = {},
  series = {},
  month = may,
  note = {Track on Software Engineering in Society}
}

@ARTICLE{Tainter06,
  author = {Tainter, Joseph A.},
  title = {{Social Complexity and Sustainability}},
  journal = {{Ecological Complexity}},
  publisher = {Elsevier},
  year = 2006,
  volume = 3,
  number = {},
  pages = {91--103},
  month = feb,
  note = {}
}

@INPROCEEDINGS{Proenca13,
  author = {Proen\c{c}a, Diogo and Antunes, Gon\c{c}alo and Borbinha, Jose and Caetano, Artur and Biffl, Stefan and Winkler, Dietmar and Becker, Christoph},
  title = {{Longevity as an Information Systems Design Concern}},
  booktitle = {{Poster Session of the 25th International Conference on Advanced Information Systems Engineering (CAiSE'13)}},
  year = 2013,
  editor = {},
  pages = {},
  address = {Valencia, Spain},
  organization = {},
  publisher = {},
  volume = {},
  number = {},
  series = {},
  month = jun,
  note = {}
}

@ARTICLE{Banker93,
  author = {Banker, Rajiv D. and Datar, Srikant M. and Kemerer, Chris F. and Zweig, Dani},
  title = {{Software Complexity and Maintenance Costs}},
  journal = cacm,
  publisher = {ACM},
  year = 1993,
  volume = 36,
  number = 11,
  pages = {81--94},
  month = nov,
  note = {}
}

@INPROCEEDINGS{Jones15,
  author = {Jones, Cheryl and Judy, James and McGarry, John},
  title = {{How Much Does Software Maintenance Cost?}},
  booktitle = {{Procedings of the ICEAA Professional Development \& Training Workshop (ICEAA'15)}},
  year = 2015,
  editor = {},
  pages = {},
  address = {San Diego, CA, USA},
  organization = {ICEAA},
  publisher = {},
  volume = {},
  number = {},
  series = {},
  month = jun,
  note = {}
}

%%% legacy crisis
@BOOK{Seacord03,
  author = {Seacord, Robert C. and Plakosh, Daniel and Lewis, Grace A.},
  editor = {},
  title = {{Modernizing Legacy Systems: Software Technologies, Engineering Processes, and Business Practices}},
  publisher = {Pearson},
  year = 2003,
  address = {},
  edition = {},
  volume = {},
  number = {},
  series = {},
  month = {},
  note = {}
}

%%%%%%% Economy
@BOOK{McCarthy84,
  author = {McCarthy, E. Jerome and Perreault, Jr., William D.},
  editor = {},
  title = {{Basic Marketing a Managerial Approach}},
  publisher = {Homewood, III, R. D. Irwin},
  year = 1984,
  address = {},
  edition = {8th},
  volume = {},
  number = {},
  series = {},
  month = {},
  note = {}
}

%%%%%%%%%%%%%%%%%%%%%%
