@ARTICLE{Zeng10,
  author = {Zeng, Jin and Sun, Hai-Long and Liu, Xu-Dong and Deng, Ting and Huai, Jin-Peng},
  title = {{Dynamic Evolution Mechanism for Trustworthy Software Based on Service Composition}},
  journal = {{Journal of Software}},
  year = 2010,
  volume = 21,
  number = 2,
  pages = {261--276},
  month = feb,
  note = {}
}

@INPROCEEDINGS{Worzberger08,
  author = {W\"{o}rzberger, Ren\'{e} and Ehses, Nicolas and Heer, Thomas},
  title = {{Adding Support for Dynamics Patterns to Static Business Process Management Systems}},
  editor = {},
  booktitle = {{Proceedings of the 7th international conference on Software composition (SC'08)}},
  number = {},
  series = {},
  year = 2008,
  address = {Budapest, Hungary},
  organization = {ACM},
  publisher = {Springer-Verlag},
  pages = {84--91},
  month = jul,
  note = {}
}

@INPROCEEDINGS{Biermann07,
  author = {Biermann, Enrico and Ermel, Claudia and Hermann, Frank and Modica, Tony},
  title = {{A Visual Editor for Reconfigurable Object Nets based on the ECLIPSE Graphical Editor Framework}},
  editor = {},
  booktitle = {{Procedings of 14th Workshop on Algorithms and Tools for Petri Nets (AWPN'07)}},
  number = {},
  series = {},
  year = 2007,
  address = {Landau, Germany},
  organization = {},
  publisher = {},
  pages = {},
  month = oct,
  note = {}
}

@ARTICLE{Yau09,
  author = {Yau, Stephen S. and Ye, Nong and Sarjoughian, Hessam S. and Huang, Dazhi and Roontiva, Auttawut and G\"{o}k\c{c}e Baydogan, Mustafa and Muqsith,  Mohammed A.},
  title = {{Toward Development of Adaptive Service-Based Software Systems}},
  journal = {{IEEE Transactions on Services Computing}},
  year = 2009,
  volume = 2,
  number = 3,
  pages = {247--260},
  month = jul#"-"#sep,
  note = {}
}

@INPROCEEDINGS{Mazzara10,
  author = {Mazzara, Manuel and Bhattacharyya, Anirban},
  title = {{On Modelling and Analysis of Dynamic Reconfiguration of Dependable Real-Time Systems}},
  editor = {},
  booktitle = {{Proceedings of the  3rd International Conference on Dependability (DEPEND'10)}},
  number = {},
  series = {},
  year = 2010,
  address = {Venice, Italy},
  organization = {IEEE},
  publisher = {},
  pages = {173--181},
  month = jul,
  note = {}
}

@TECHREPORT{VanBreugel05,
  author = {Van Breugel, Franck and Koshika, Maria},
  title = {{Models and Verification of BPEL}},
  institution = {Technical Report},
  year = 2005,
  type = {},
  number = {},
  address = {},
  month = {},
  note = {Available at \url{http://www.cse.yorku.ca/~franck/research/drafts/tutorial.pdf}}
}

@INPROCEEDINGS{Foster03,
  author = {Foster, Howard and Uchitel, Sebastian and Magee, Jeff and Kramer, Jeff},
  title = {{Model-based Verification of Web Service Compositions}},
  booktitle = {{Proceedings of the 18th IEEE International Conference on Automated Software Engineering Conference (ASE'03)}},
  year = 2003,
  editor = {},
  pages = {152--163},
  address = {Montr\`eal, Canada},
  organization = {},
  publisher = {},
  volume = {},
  number = {},
  series = {},
  month = sep,
  note = {}
}

@ARTICLE{Ardagna07,
  author = {Danilo Ardagna and Barbara Pernici},
  title = {{Adaptive Service Composition in Flexible Processes}},
  journal = ieeese,
  year = 2007,
  volume = 33,
  number = 6,
  pages = {369--384},
  month = Jun,
  note = {}
}

@INPROCEEDINGS{Mei04,
  author = {Mei, Hong and Huang, Gang},
  title = {{PKUAS: An Architecture-based Reflective Component Operating Platform}},
  booktitle = {{Proceedings of the 10th IEEE International Workshop on Future Trends of Distributed Computing Systems (FTDCS'04)}},
  year = 2004,
  editor = {},
  pages = {163--169},
  address = {Suzhou, China},
  organization = {},
  publisher = {},
  volume = {},
  number = {},
  series = {},
  month = may,
  isbn = {},
  note = {}
}

@INPROCEEDINGS{Zhai08,
  author = {Yanlong Zhai and Hongyi Su and Shouyi Zhan},
  title = {{A Reflective Framework to Improve the Adaptability of BPEL-based Web Service Composition}},
  booktitle = {{Proceedings of the 2008 IEEE International Conference on Services Computing (SCC'08)}},
  year = 2008,
  editor = {},
  pages = {343--350},
  address = {Honolulu, Hawaii, USA},
  organization = {IEEE},
  publisher = {},
  volume = {},
  number = {},
  series = {},
  month = jul,
  note = {}
}

@INPROCEEDINGS{Yi04,
  author = {Xiaochuan Yi and Kochut, Krys J.},
  title = {{A CP-nets-based Design and Verification Framework for Web Services Composition}},
  booktitle = {{Proceedings of the 2nd IEEE International Conference on Web Services (ICWS'04)}},
  year = 2004,
  editor = {},
  pages = {756--760},
  address = {San Diego, CA, USA},
  organization = {IEEE},
  publisher = {},
  volume = {},
  number = {},
  series = {},
  month = jul,
  note = {}
}

@INPROCEEDINGS{Benatallah05,
  author = {Benatallah, Boualem and Casati, Fabio and Grigori, Daniela and Motahari Nezhad, Hamid R. and Toumani, Farouk},
  title = {{Developing Adapters for Web Services Integration}},
  booktitle = {{Proceedings of the 17th International Conference on Advanced Information Systems Engineerin (CAiSE'05)}},
  year = 2005,
  editor = {Falc{\~a}o e Cunha, Jo{\~a}o and Pastor, Oscar},
  pages = {415--429},
  address = {Porto, Portugal},
  organization = {},
  publisher = {Springer},
  volume = {},
  number = {},
  series = {LNCS 3520},
  month = jun,
  note = {}
}

@ARTICLE{Zeng04,
  author = {Zeng, Liangzhao and Benatallah, Boualem and Ngu, Anne H.\ H.\ and Dumas, Marlon and Kalagnanam, Jayant and Chang, Henry},
  title = {{QoS-aware middleware for Web Services Composition}},
  journal = ieeese,
  year = 2004,
  volume = 30,
  number = 5,
  pages = {311--327},
  month = may,
  note = {}
}

@ARTICLE{Uhrmacher01,
  author = {Uhrmarcher, Adelinde M.},
  title = {{Dynamic Structures in Modeling and Simulation: A Reflective Approach}},
  journal = {{ACM Transactions on Modeling and Computer Simulation}},
  year = 2001,
  volume = 11,
  number = 2,
  pages = {206--232},
  month = apr,
  note = {}
}

@ARTICLE{Ryu08,
  author = {Ryu, Seung Hwan and Casati, Fabio and Skogrud, Halvard and Benatallah, Boualem and Saint-Paul, R\'egis},
  title = {{Supporting the Dynamic Evolution of Web Service Protocols in Service-Oriented Architectures}},
  journal = {{ACM Transaction on the Web}},
  year = 2008,
  volume = 2,
  number = 2,
  pages = {},
  month = apr,
  note = {}
}

@INPROCEEDINGS{Papazoglou08,
  author = {Papazoglou, Mike P.},
  title = {{The Challenges of Service Evolution}},
  booktitle = {{Proceedings of the 20th International Conference on Advanced Information Systems Engineering (CAiSE'08)}},
  year = 2008,
  editor = {Bellahs\`ene, Zohra and L\'eonard, Michel},
  pages = {1--15},
  address = {Montpellier, France},
  organization = {},
  publisher = {Springer},
  volume = {},
  number = {},
  series = {LNCS 5074},
  month = jun,
  note = {}
}

@INPROCEEDINGS{Hamadi03,
  author = {Hamadi, Rachid and Benetallah, Boualem},
  title = {{A Petri Net-Based Model for Web Service Composition}},
  booktitle = {{Proceedings of the 14th Australasian Database Conference (ADC'03)}},
  year = 2003,
  editor = {Schewe, Klaus-Dieter and Zhou, Xiaofang},
  pages = {191--200},
  address = {Adelaide, Australia},
  organization = {Australian Computer Society},
  publisher = {},
  volume = {},
  number = {},
  series = {},
  month = {},
  note = {}
}

@ARTICLE{Lucchi07,
  author = {Lucchi, Roberto and Mazzara, Manuel},
  title = {{A Pi-Calculus Based Semantics for WS-PEL}},
  journal = {Journal of Logic and Algebraic Programming},
  year = 2007,
  volume = 70,
  number = 1,
  pages = {96--118},
  month = jan,
  note = {}
}

@ARTICLE{Rinderle04,
  author = {Rinderle, Stephanie and Reichert, Manfred and Dadam, Peter},
  title = {{Correctness Criteria for Dynamic Changes in Workflow Systems -- A Survey}},
  journal = {{Data \& Knowledge Engineering}},
  year = 2004,
  volume = 50,
  number = 1,
  pages = {9--34},
  month = jul,
  note = {}
}

@ARTICLE{Sloan09,
  author = {Sloan, John, C. and Khoshgoftaar, Taghi M.},
  title = {{From Web Service Artifact to a Readable and Verifiable Model}},
  journal = {{IEEE Transaction on Services Computing}},
  year = 2009,
  volume = 2,
  number = 4,
  pages = {277--288},
  month = oct#"-"#dec,
  note = {}
}

@ARTICLE{Tan09,
  author = {Tan, Wei and Fan, Yushun and Zhou, Meng-Chu},
  title = {{A Petri Net-Based Method for Compatibility Analysis and Composition of Web Services in Business Process Execution Language}},
  journal = {{IEEE Transactions on Automation Science and Engineering}},
  year = 2009,
  volume = 6,
  number = 1,
  pages = {94--106},
  month = jan,
  note = {}
}

@ARTICLE{Brin98,
  author = {Brin, Sergey and Page, Lawrence},
  title = {{The Anatomy of a Large-Scale Hypertextual Web Search Engine}},
  journal = {{Computer Networks and ISDN Systems}},
  publisher = {Elsevier},
  year = 1998,
  volume = 20,
  number = {},
  pages = {107--117},
  month = apr,
  note = {}
}
