@INPROCEEDINGS{Kroeger97,
 author = {Kroeger, Thomas M. and Long, Darrell D. E. and Mogul, Jeffrey C.}, 
 title = {{Exploring the Bounds of Web Latency Reduction from Caching and Prefetching}},
 editor = {},
 booktitle = {Proceedings of the USENIX Symposium on Internet Technologies and Systems},
 number = {},
 series = {},
 year = 1997,
 address = {Monterey, CA, USA},
 organization = {},
 publisher = {}, 
 pages = {13-22},
 month = dec,
 note = {}
}

@TECHREPORT{RFC2616,
 author = {Fielding, Roy T. and Gettys, Jim and Mogul, Jeffrey C. and Frystyk, Henrik and Larry Masinter, Larry and Paul J. Leach, Paul J. and Berners-Lee, Tim}, 
 title = {{Hypertext Transfer Protocol --- HTTP/1.1}},
 institution = {},
 type = {{RFC} 2616},
 number = {},
 address = {},
 year = 1999,
 month = jun,
 note = {}
}

@INPROCEEDINGS{Cao97,
 author = {Pei Cao and Sandy Irani}, 
 title = {{Cost-Aware WWW Proxy Caching Algorithms}},
 editor = {},
 booktitle = {Proceedings of the USENIX Symposium on Internet Technologies and Systems (USITS'97)},
 number = {},
 series = {},
 year = 1997,
 address = {Monterey, CA, USA},
 organization = {},
 publisher = {}, 
 pages = {193-206},
 month = dec,
 note = {}
}

@ARTICLE{Padmanabhan95,
 author = {Padmanabhan, Venkata N. and Mogul, Jeffrey C.}, 
 title = {{Improving HTTP Latency}},
 journal = {Computer Networks and ISDN Systems},
 number = {(1\&2)},
 volume = 28,
 year = 1995,
 publisher = {Elsevier}, 
 pages = {25-35},
 month = dec,
 note = {}
}

@ARTICLE{Balakrishnan97,
 author = {Hari Balakrishnan and Padmanabhan, Venkata N. and Srinivasan Seshan and Randy H. Katz}, 
 title = {{A Comparison of Mechanisms for Improving TCP Performance over Wireless Links}},
 journal = {IEEE/ACM Transactions on Networking},
 number = 6,
 volume = 5,
 year = 1997,
 publisher = {}, 
 pages = {756-769},
 month = dec,
 note = {}
}

@ARTICLE{Padmanabhan96,
 author = {Padmanabhan, Venkata N. and Mogul, Jeffrey C.}, 
 title = {{Using Predictive Prefetching to Improve World Wide Web Latency}},
 journal = {Computer Communications Review},
 number = 3,
 volume = 26,
 year = 1996,
 publisher = {ACM}, 
 pages = {22-36},
 month = jul,
 note = {}
}

@INPROCEEDINGS{Davison01,
 author = {Davison, Brian D.}, 
 title = {{Assertion: Prefetching With GET Is Not Good}},
 editor = {Azer Bestavros and Michael Rabinovich},
 booktitle = {Proceedings of the 6th International Workshop on Web Caching and Content Distribution},
 number = {},
 series = {},
 year = 2001,
 address = {Boston, MA, USA},
 organization = {},
 publisher = {Elsevier}, 
 pages = {203-215},
 month = jun,
 note = {}
}

@ARTICLE{Wang99,
 author = {Jia Wang}, 
 title = {{A Survey of Web Caching Schemes for the Internet}},
 journal = {ACM Computer Communication Review},
 year = 1999,
 volume = 29,
 number = 5,
 pages = {36-49},
 month = oct,
 note = {}
}

@ARTICLE{Davison01b,
 author = {Davison, Brian D.}, 
 title = {{A Web Caching Primer}},
 journal = {IEEE Internet Computing},
 year = 2001,
 volume = 5,
 number = 4,
 pages = {38-45},
 month = jul,
 note = {}
}

@ARTICLE{Barish00,
 author = {Greg Barish and Katia Obraczka}, 
 title = {{World Wide Web Caching: Trends and Techniques}},
 journal = {IEEE Communications Magazine},
 year = 2000,
 volume = 38,
 number = 5,
 pages = {178-185},
 month = may,
 note = {}
}

@ARTICLE{Kapp02,
 author = {Steve Kapp}, 
 title = {{On the Wire. 802.11: Leaving the Wire Behind}},
 journal = {IEEE Distributed Systems On-Line},
 year = 2002,
 volume = 3,
 number = 1,
 pages = {},
 month = {},
 note = {Available at: \url{http://dsonline.computer.org}}
}

@INPROCEEDINGS{Hightower02,
 author = {Jeffrey Hightower and Barry Brumitt and Gaetano Borriello}, 
 title = {{The Location Stack: A Layered Model for Location in Ubiquitous Computing}},
 editor = {},
 booktitle = {Proceedings of the 4th IEEE Workshop on Mobile Computing Systems and Applications (WMCSA 2002)},
 number = {},
 series = {},
 year = 2002,
 address = {},
 organization = {},
 publisher = {IEEE Computer Society Press}, 
 pages = {},
 month = jun,
 note = {}
}

@INPROCEEDINGS{Gitzenis02,
 author = {Savvas Gitzenis and Nicholas Bambos}, 
 title = {{Power-Controlled Data Prefetching/Caching in Wireless Packet Networks}},
 editor = {},
 booktitle = {Proceedings of the 21th IEEE Conference on Computer Communications (InfoCom 2002)},
 number = {},
 series = {},
 year = 2002,
 address = {New York},
 organization = {},
 publisher = {IEEE Computer Society Press}, 
 pages = {},
 month = jun,
 note = {}
}

@INPROCEEDINGS{Hu00,
 author = {Hu, Yih-Chun and Johnson, David B.}, 
 title = {{Caching Strategies in On-Demand Routing Protocols for Wireless Ad Hoc Networks}},
 editor = {},
 booktitle = {Proceedings of the Sixth Annual International Conference on Mobile Computing and Networking
 (MobiCom 2000)},
 number = {},
 series = {},
 year = 2000,
 address = {Boston, MA, USA},
 organization = {ACM},
 publisher = {}, 
 pages = {},
 month = aug,
 note = {}
}

@ARTICLE{Lee02,
 author = {Lee, Dik Lun and Lee, Wang-Chien and Xu, Jianliang and Zheng, Baihua}, 
 title = {{Data Management in Location-Dependent Information Services}},
 journal = {IEEE Pervasive Computing},
 year = 2002,
 volume = 1,
 number = 3,
 pages = {65-72},
 month = {},
 note = {}
}

@ARTICLE{WCLee96,
 author = {Lee, Wang-Chien and Lee, Dik Lun}, 
 title = {{Using Signature Techniques for Information Filtering in Wireless and Mobile Environments}},
 journal = {Journal on Distributed and Parallel Databases},
 year = 1996,
 volume = 4,
 number = 3,
 pages = {205-227},
 month = jul,
 note = {}
}

@ARTICLE{Zheng02,
 author = {Zheng, Baihua and Xu, Jianliang, and Lee, Dik Lun}, 
 title = {{Cache Invalidation and Replacement Strategies for Location-Dependent Data in Mobile Environments}},
 journal = {IEEE Transaction on Computers Special Issue on Database Management and Mobile Computing},
 year = 2002,
 volume = 51,
 number = 10,
 pages = {1141-1153},
 month = oct,
 note = {}
}

@INPROCEEDINGS{Ren00,
 author = {Ren, Qun and Dunham, Margaret H.}, 
 title = {{Using Semantic Caching to Manage Location Dependent Data in Mobile Computing}},
 editor = {},
 booktitle = {Proceedings of the 6th Annual International Conference on Mobile Computing and Networking (MobiCom2000)},
 number = {},
 series = {},
 year = 2000,
 address = {New York},
 organization = {},
 publisher = {ACM Press}, 
 pages = {210-221},
 month = {},
 note = {}
}

@INPROCEEDINGS{DLLee96,
 author = {Lee, Dik Lun and Lee, Wang-Chien}, 
 title = {{On Signature Caching of Wireless Broadcast and Filtering Service}},
 editor = {},
 booktitle = {Proceedings of the 2nd International Mobile Computing Workshop},
 number = {},
 series = {},
 year = 1996,
 address = {Hsinchu, Taiwan},
 organization = {},
 publisher = {}, 
 pages = {},
 month = mar,
 note = {}
}


@INPROCEEDINGS{Savarese01,
 author = {Chris Savarese and Jan M. Rabaey and Jan Beutel}, 
 title = {{Locationing in Distributed Ad-Hoc Wireless Sensor Networks}},
 editor = {},
 booktitle = {2001 IEEE International Conference on Acoustics, Speech, and Signal Processing},
 volume = 4,
 series = {},
 year = 2001,
 address = {},
 organization = {},
 publisher = {IEEE Computer Society Press}, 
 pages = {2037-2040},
 month = {},
 note = {}
}

@INPROCEEDINGS{Hightower01,
 author = {Jeffrey Hightower and Gaetano Borriello}, 
 title = {{Real-Time Error in Location Modeling for Ubiquitous Computing}},
 editor = {Michael Beigel and Phil Gray and Daniel Salber},
 booktitle = {Proceedings of Location Modeling for Ubiquitous Computing (Ubicomp 2001 Workshop)},
 number = {},
 series = {},
 year = 2001,
 address = {Atlanta, GA, USA},
 organization = {},
 publisher = {}, 
 pages = {21-27},
 month = sep,
 note = {}
}

@ARTICLE{Hightower01b,
 author = {Jeffrey Hightower and Gaetano Borriello}, 
 title = {{Location Systems for Ubiquitous Computing}},
 journal = {IEEE Computer},
 year = 2001,
 volume = 34,
 number = 8,
 pages = {57-66},
 month = aug,
 note = {}
}

@INPROCEEDINGS{Bible95,
 author = {Steven R. Bible and Michael Zyda and Don Brutzman}, 
 title = {{Using Spread-Spectrum Ranging Techniques for Position Tracking in a Virtual Environment}},
 editor = {},
 booktitle = {Proceedings of 2nd IEEE Workshop on Networked Realities},
 number = {},
 series = {},
 year = 1995,
 address = {Boston, Ma, USA},
 organization = {},
 publisher = {}, 
 pages = {},
 month = oct,
 note = {}
}

@ARTICLE{Bulusu00,
  author = {Nirupama Bulusu and John Heidemann and Deborah Estrin},
  title = {{GPS-Less Low Cost Outdoor Localization for Very Small Devices}},
  journal = {IEEE Personal Communications Magazine},
  volume = 7,
  number = 5,
  year = 2000,
  publisher = "IEEE Communications Society",
  month = oct,
  pages = {28-34}
}

@INPROCEEDINGS{Bahl00,
  author = {Paramvir Bahl and Venkata N. Padmanabhan},
  title = {{RADAR: An In-Building RF-Based User Location and Tracking System}},
  booktitle = {Proceedings of IEEE Infocom 2000},
  pages = {775-784},
  year = 2000,
  month = mar,
  address = {Tel-Aviv, Israel}
}

@INPROCEEDINGS{Cheverst00,
 author = {Keith Cheverst and Nigel Davies and Keith Mitchell and Adrian Friday}, 
 title = {{Experiences of Developing and Deploying a Context-Aware Tourist Guide: The Lancaster Guide Project}},
 editor = {},
 booktitle = {Proceedings of the 6th Annual International Conference on Mobile Computing and Networking (Mobicom 2000)},
 number = {},
 series = {},
 year = 2000,
 address = {New York, USA},
 organization = {ACM Press},
 publisher = {}, 
 pages = {20-31},
 month = {},
 note = {}
}

@INPROCEEDINGS{Davies99,
 author = {Nigel Davies and Keith Cheverst and Keith Mitchell and Adrian Friday}, 
 title = {{Caches in the Air: Disseminating Tourist Information in the Guide System}},
 editor = {},
 booktitle = {Procedings of the 2nd IEEE Workshop on Mobile Computing Systems and Applications (WMCSA'99)},
 number = {},
 series = {},
 year = 1999,
 address = {New Orleans, Louisiana, USA},
 organization = {},
 publisher = {}, 
 pages = {11-19},
 month = feb,
 note = {}
}

@ARTICLE{Acharya95,
 author = {Swarup Acharya and Michael J. Franklin and Stan Zdonik},
 title = {{Dissemination-based Data Delivery Using Broadcast Disks}},
 journal = {IEEE Personal Communications},
 year = 1995,
 volume = 2,
 number = 6,
 pages = {50-60},
 month = dec,
 note = {}
}

@BOOK{Hoffman-Wellenhof01,
   author = {Hoffman-Wellenhof, Bernhard and Herbert Lichtenegger and James Collins},
   title = {{Global Positioning System: Theory and Practice}},
   volume = {},
   series = {},
   publisher = {Springer-Verlag},
   address = {New York},
   edition = {fifth},
   month = {},
   year = 2001,
   note = {},
}    

@INPROCEEDINGS{Ancona00,
 author = {Massimo Ancona and Gabriella Dodero and Vittoria Gianuzzi and Oscar Bocchini and Alberto Vezzoso and Antonella Traverso and Elena Antonacci},
 title = {{Exploiting Wireless Networks for Virtual Archaeology: The PAST Project}},
 editor = {},
 booktitle = {Proceedings of the Virtual Archaeology between Scientific Research and Territorial Marketing Conference (VAST 2000)},
 number = {},
 series = {},
 year = 2000,
 address = {Arezzo, Italy},
 organization = {},
 publisher = {},
 pages = {},
 month = nov,
 note = {}
}

@INPROCEEDINGS{Vezzoso01,
 author = {Alberto Vezzoso and Alessio Romagnoli and Oscar Bocchini and Sandro Locati},
 title = {{Managing and Organizing Archaeological Data Sets with an XML Native Database}},
 editor = {},
 booktitle = {Proceedings of the Virtual Archaeology between Scientific Research and Territorial Marketing conference (WAST 2001)},
 number = {},
 series = {},
 year = 2001,
 address = {Glyfada, Greece},
 organization = {},
 publisher = {},
 pages = {},
 month = nov,
 note = {}
}

@misc{pcanywhere,
 author = {Symantec},
 title = {{pcAnywhere home page, {\tt \it http://www.symantec.com/pcanywhere/}}}
}

@misc{controlit,
 author = {Computer Associates},
 title = {{Unicenter Remote Control home page, {\tt \it http://www3.ca.com/Solutions/Product.asp?ID=228}}}
}

@misc{vnc,
 author = {AT\&T Laboratories Cambridge},
 title = {{Virtual Network Computing home page, {\tt \it http://www.uk.research.att.com/vnc/}}}
}
