%%% PROVENANCE %%%%%%%%%%%%%%%%%%%%%%%%%%%%%%%%%%%%%%%%%%%%%%%%%%%%%%%%%%%%%%%%%%%%%%%%

@INPROCEEDINGS{Groth05,
  author = {Groth, Paul and Miles, Simon and Moreau, Luc},
  title = {{PReServ: Provenance Recording for Services}},
  booktitle = {{Proceedings of the UK OST e-Science second All Hands Meeting 2005 (AHM'05)}},
  year = 2005,
  editor = {},
  pages = {},
  address = {Nottingham, UK},
  organization = {},
  publisher = {},
  volume = {},
  number = {},
  series = {},
  month = sep,
  note = {}
}

@INPROCEEDINGS{Szomszor03,
  author = {Szomszor, Martin and Moreau, Luc},
  title = {{Recording and Reasoning over Data Provenance in Web and Grid Services}},
  booktitle = {{Proceedings of the OTM Confederated International Conferences (ODBASE'03)}},
  year = 2003,
  editor = {Meersman, Robert and Tari, Zahir and Schmidt, Douglas C.},
  pages = {603-620},
  address = {Catania, Italy},
  organization = {},
  publisher = {Springer},
  volume = {},
  number = {},
  series = {LNCS 2888},
  month = nov,
  note = {}
}

@INPROCEEDINGS{Buneman07,
  author = {Buneman, Peter and Tan, Wang Chiew},
  title = {{Provenance in Databases}},
  booktitle = {{Proceedings of the ACM SIGMOD International Conference on Management of Data}},
  year = 2007,
  editor = {Chan, Chee Yong and Ooi, Beng Chin and Zhou, Aoying},
  pages = {1171-1173},
  address = {Beijing, China},
  organization = {ACM},
  publisher = {},
  volume = {},
  number = {},
  series = {},
  month = jun,
  note = {}
}

@INPROCEEDINGS{Buneman01,
  author = {Buneman, Peter and Khanna, Sanjeev and Tan, Wang Chiew},
  title = {{Why and Where: A Characterization of Data Provenance}},
  booktitle = {{Proceedings of the 8th International Conference on Database Theory (ICDT'01)}},
  year = 2001,
  editor = {Van den Bussche, Jan and Vianu, Victor},
  pages = {316-330},
  address = {London, UK},
  organization = {},
  publisher = {Springer},
  volume = {},
  number = {},
  series = {LNCS 1973},
  month = jan,
  note = {}
}

%%%%%%%%%%%%%%%%%%%%%%%%%%%%%%%%%%%%%%%%%%%%%%%%%%%%%%%%%%%%%%%%%%%%%

@BOOK{Reese2000,
  author = {Reese, G.},
  title = {{Database Programming with JDBC and Java}},
  volume = {},
  series = {},
  publisher = {O'Reilly},
  address = {},
  edition = {second},
  month = {},
  year = 2000,
  note = {}
}  

@BOOK{Ozsu99,
  author = {\"Ozsu, M. Tamer and Valduriez, Patrick},
  title = {{Principles of Distributed Database Systems}},
  volume = {},
  series = {},
  publisher = {Prentice Hall},
  address = {},
  edition = {second},
  month = {},
  year = 1999,
  note = {}
}  

@BOOK{Han00,
  author = {Jiawei Han and Micheline Kamber},
  title = {{Data Mining: Concepts and Techniques}},
  volume = {},
  series = {},
  publisher = {Morgan Kaufmann},
  address = {},
  edition = {},
  month = aug,
  year = 2000,
  note = {}
}  

@BOOK{Hand01,
  author = {David J. Hand and Heikki Mannila and Padhraic Smyth},
  title = {{Principles of Data Mining (Adaptive Computation and Machine Learning)}},
  volume = {},
  series = {},
  publisher = {MIT Press},
  address = {},
  edition = {},
  month = aug,
  year = 2001,
  note = {}
}  

@INPROCEEDINGS{Buneman97,
 author = {Peter Buneman}, 
 title = {{Semistructured Data}},
 editor = {},
 booktitle = {Proceedings of the Sixteenth ACM Symposium on Principles of Database Systems (PODS'97)},
 number = {},
 series = {},
 year = 1997,
 address = {Tucson, Arizona, USA},
 organization = {},
 publisher = {ACM Press}, 
 pages = {117-121},
 month = may,
 note = {}
}

@INPROCEEDINGS{Abiteboul97,
 author = {Serge Abiteboul}, 
 title = {{Querying Semi-Structured Data}},
 editor = {Afrati, Foto N. and Kolaitis, Phokion G.},
 booktitle = {Proceedings of the Sixth International Conference on Database Theory},
 series = {LNCS},
 volume = {1186},
 year = 1997,
 address = {Delphi, Greece},
 organization = {},
 publisher = {Springer}, 
 pages = {1-18},
 month = jan,
 note = {}
}

@INPROCEEDINGS{Papakonstantinou95,
 author = {Yannis Papakonstantinuo and Garcia-Molina, Hector and Jennifer Widom}, 
 title = {{Object Exchange across Heterogeneous Information Sources}},
 editor = {},
 booktitle = {Proceedings of the 11th IEEE International Conference on Data Engineering},
 series = {},
 volume = {},
 year = 1995,
 address = {Taipei, Taiwan},
 organization = {},
 publisher = {}, 
 pages = {251-260},
 month = mar,
 note = {}
}

