@INPROCEEDINGS{Kollar07,
  author = {Koll\'ar, J\'an and Porub\"an, Jaroslav and V\'aclav{\'\i}k, Peter and Band\'akov\'a, Jana and Forg\'a\v{c}, Michal},
  title = {{Adaptive Language Approach to Software Systems Evolution}},
  booktitle = {{Proceedings of the International Multi-Conference on Computer Science and Information Technology (CSIT'07)}},
  year = 2007,
  editor = {},
  pages = {1081--1091},
  address = {Wis{\l}a, Poland},
  organization = {},
  publisher = {},
  volume = {},
  number = {},
  series = {},
  month = oct,
  note = {}
}

@INPROCEEDINGS{Aram14,
  author = {Aram, Michael and Neumann, Gustaf},
  title = {{Exploring Collective DSL Integration in a Large Situated IS: Towards Comprehensive Language Integration in Information Systems}},
  booktitle = {{Proceedings of the 2014 European Conference on Software Architecture Workshops (ECSAW'14)}},
  year = 2014,
  editor = {},
  pages = {},
  address = {Vienna, Austria},
  organization = {},
  publisher = {},
  volume = {},
  number = {},
  series = {},
  month = aug,
  note = {}
}

@ARTICLE{FisterJr13,
  author = {Fister, Jr, Iztok and Kosar, Toma\v{z} and Fister, Iztok and Mernik, Marjan},
  title = {{EasyTime++: A Case Study of Incremental Domain-Specific Language Development}},
  journal = {{Information Technology and Control}},
  publisher = {{Kauno Technologijos Universitetas}},
  year = 2013,
  volume = 42,
  number = 1,
  pages = {77--85},
  month = {},
  note = {}
}

@INPROCEEDINGS{Grimmer15,
  author = {Grimmer, Matthias and Seaton, Chris and W\"urthinger, Thomas and M\"ossenb\"ock, Hanspeter},
  title = {{Dynamically Composing Languages in a Modular Way: Supporting C Extensions for Dynamic Languages}},
  booktitle = {{Proceedings of the 14th International Conference on Modularity (Modularity'15)}},
  year = 2015,
  editor = {Leavens, Gary},
  pages = {1--13},
  address = {Fort Collins, CO, USA},
  organization = {},
  publisher = {ACM},
  volume = {},
  number = {},
  series = {},
  month = mar,
  note = {}
}

@ARTICLE{Karakoidas15,
  author = {Karakoidas, Vassilios and Mitropoulos, Dimitris and Louridas, Panagiotis and Spinellis, Diomidis},
  title = {{A Type-Safe Embedding of SQL into Java Using the Extensible Compiler Framework}},
  journal = {{Computer Languages, Systems \& Structures}},
  year = 2015,
  volume = 41,
  number = {},
  pages = {1--20},
  month = apr,
  doi = {10.1016/j.cl.2015.01.001},
  note = {}
}

@ARTICLE{Reis15,
  author = {Reis, Leonardo V. S. and Di Iorio, Vladimir O. and Bigonha, Roberto S.},
  title = {{An On-the-Fly Grammar Modification Mechanism for Composing and Defining Extensible Languages}},
  journal = {{Computer Languages, Systems \& Structures}},
  year = 2015,
  volume = 42,
  number = {},
  pages = {46--59},
  month = jul,
  doi = {10.1016/j.cl.2015.01.002},
  note = {}
}

@ARTICLE{Ledgard71,
  author = {Ledgard, Henry F.},
  title = {{Ten Mini-Languages: A Study of Topical Issues in Programming Languages}},
  journal = {{ACM Computing Surveys}},
  publisher = {ACM},
  year = 1971,
  volume = 3,
  number = 3,
  pages = {115--146},
  month = sep,
  note = {}
}

@INPROCEEDINGS{Humer14,
  author = {Humer, Christian and Wimmer, Christian and Wirth, Christian and W\"{o}\ss, Andreas and W\"{u}rthinger, Thomas},
  title = {{A Domain-Specific Language for Building Self-optimizing AST Interpreters}},
  booktitle = {{Proceedings of the 13th International Conference on Generative Programming: Concepts and Experiences (GPCE'14)}},
  year = 2014,
  editor = {Flatt, Matthew},
  pages = {123--132},
  address = {V{\"a}ster{\aa}s, Sweden},
  organization = {},
  publisher = {ACM},
  volume = {},
  number = {},
  series = {},
  month = sep,
  note = {}
}

@ARTICLE{Visser98,
  author = {Visser, Eelco and Benaissa, Zine-el-Abidine},
  title = {{A Core Language for Rewriting}},
  journal = {{Electronic Notes in Theroretical Computer Science}},
  publisher = {{Elsevier}},
  year = 1998,
  volume = 15,
  number = {},
  pages = {422--441},
  month = sep,
  note = {}
}

@ARTICLE{Wachsmuth14,
  author = {Wachsmuth, Guido H. and Konat, Gabri\"el D. P. and Visser, Eelco},
  title = {{Language Design with the Spoofax Language Workbench}},
  journal = {{IEEE Software}},
  publisher = {IEEE},
  year = 2014,
  volume = 31,
  number = 5,
  pages = {35--43},
  month = sep#"/"#oct,
  note = {}
}

@ARTICLE{Marr14,
  author = {Marr, Stefan and Pape, Tobias and De Meuter, Wolfgang},
  title = {{Are We There Yet? Simple Language Implementation Techniques for the 21st Century}},
  journal = {{IEEE Software}},
  publisher = {IEEE},
  year = 2014,
  volume = 31,
  number = 5,
  pages = {60--67},
  month = sep#"/"#oct,
  note = {}
}

@ARTICLE{Erdweg14,
  author = {Erdweg, Sebastian and Fehrenbach and Ostermann, Klaus},
  title = {{Evolution of Software Systems with Extensible Languages and DSLs}},
  journal = {{IEEE Software}},
  publisher = {IEEE},
  year = 2014,
  volume = 31,
  number = 5,
  pages = {68--75},
  month = sep#"/"#oct,
  note = {}
}


@ARTICLE{Erdweg15,
  author = {Erdweg, Sebastian and van der Storm, Tijs and V\"olter, Markus and Tratt, Laurence and Bosman, Remi and Cook, William R. and Gerritsen, Albert and Hulshout, Angelo and Kelly, Alex and Konat, Gabri\"el and Molina, Pedro J. and Palatnik, Martin and Pohjonen, Risto and Schindler, Eugen and Schindler, Klemens and Solmi, Riccardo and Vergu, Vlad and Visser, Eelco and van der Vlist, Kevin and Wachsmuth, Guido and van der Woning, Jimi},
  title = {{Evaluating and Comparing Language Workbenches: Existing Results and Benchmarks for the Future}},
  journal = {{Computer Languages, Systems and Structures}},
  publisher = {Elsevier},
  year = 2015,
  volume = 44,
  number = {},
  pages = {24--47},
  month = dec,
  note = {}
}

@INPROCEEDINGS{Erdweg13,
  author = {Erdweg, Sebastian and Rieger, Felix},
  title = {{A Framework for Extensible Languages}},
  booktitle = {{Proceedigns of the 12th International Conference on Generative Programming: Concepts \& Experiences (GPCE'13)}},
  year = 2013,
  editor = {K\"astner, Christian},
  pages = {3--12},
  address = {Indianapolis, IN, USA},
  organization = {},
  publisher = {ACM},
  volume = {},
  number = {},
  series = {},
  month = oct,
  note = {}
}

@INPROCEEDINGS{Kats10b,
  author = {Kats, Lennart C. L. and Visser, Eelco},
  title = {{The Spoofax Language Workbench: Rules for Declarative Specification of Languages and IDEs}},
  booktitle = {{Proceedings of the ACM International Conference on Object-Oriented Programming Systems Languages and Applications (OOPSLA'10)}},
  year = 2010,
  editor = {Rinard, Martin and Sullivan, Kevin J. and Steinberg, Daniel H.},
  pages = {444--463},
  address = {Reno, Nevada, USA},
  organization = {},
  publisher = {ACM},
  volume = {},
  number = {},
  series = {},
  month = oct,
  note = {}
}

@INPROCEEDINGS{Visser10,
  author = {Kats, Lennart C. L. and Visser, Eelco},
  title = {{The Spoofax Language Workbench: Rules for Declarative Specification of Languages and IDEs}},
  booktitle = {{Proceedings of the ACM International Conference on Object Oriented Programming Systems Languages and Applications (OOPSLA'10)}},
  year = 2010,
  editor = {Rinard, Martin and Sullivan, Kevin J. and Steinberg, Daniel H.},
  pages = {444--463},
  address = {Reno, Nevada, USA},
  organization = {},
  publisher = {ACM},
  volume = {},
  number = {},
  series = {},
  month = oct,
  note = {}
}

@INPROCEEDINGS{Mernik02,
  author = {Mernik, Marjan and Leni\v{c}, Mitja and Avdi\v{c}au\v{s}evi\'c, Enis and \v{Z}umer, Viljem},
  title = {{LISA: An Interactive Environment for Programming Language Development}},
  booktitle = {{Proceedings of the 11th International Conference on Compiler Construction (CC'02)}},
  year = 2002,
  editor = {Horspool, Nigel R.},
  pages = {1--4},
  address = {Grenoble, France},
  organization = {},
  publisher = {Springer},
  volume = {},
  number = {},
  series = {Lecture Notes in Computer Science 2304},
  month = apr,
  note = {}
}

@ARTICLE{Mernik13,
  author = {Mernik, Marjan},
  title = {{An Object-Oriented Approach to Language Compositions for Software Language Engineering}},
  journal = {{Journal of Systems and Software}},
  publisher = {Elsevier},
  year = 2013,
  volume = 86,
  number = 9,
  pages = {2451--2464},
  month = sep,
  note = {}
}

@INPROCEEDINGS{Kalibera14,
  author = {Kalibera, Tomas and Maj, Petr and Morandat, Floreal and Vitek, Jan},
  title = {{A Fast Abstract Syntax Tree Interpreter for R}},
  booktitle = {{Proceedings of the 10th International Conference on Virtual Execution Environments (VEE'14)}},
  year = 2014,
  editor = {Petrank, Erez and Tsafrir, Dan},
  pages = {89--102},
  address = {Salt Lake City, UT, USA},
  organization = {ACM},
  publisher = {},
  volume = {},
  number = {},
  series = {},
  month = mar,
  note = {}
}

@INPROCEEDINGS{Hofer08,
  author = {Hofer, Christian and Ostermann, Klaus and Rendel, Tillmann and Moors, Adriaan},
  title = {{Polymorphic Embedding of DSLs}},
  booktitle = {{Proceedings of the 7th International Conference on Generative Programming and Component Engineering (GPCE'08)}},
  year = 2008,
  editor = {Smaragdakis, Yannis and Siek, Jeremy G.},
  pages = {137--148},
  address = {Nashville, TN, USA},
  organization = {},
  publisher = {ACM},
  volume = {},
  number = {},
  series = {},
  month = oct,
  note = {}
}

@INPROCEEDINGS{Hofer10,
  author = {Hofer, Christian and Ostermann, Klaus},
  title = {{Modular Domain-Specific Language Components in Scala}},
  booktitle = {{Proceedings of the 9th International Conference on Generative Programming and Component Engineering (GPCE'10)}},
  year = 2010,
  editor = {Visser, Eelco and J{\"a}rv, Jaakko},
  pages = {83--92},
  address = {Eindhoven, Netherlands},
  organization = {},
  publisher = {ACM},
  volume = {},
  number = {},
  series = {},
  month = oct,
  note = {}
}

@INPROCEEDINGS{Oliveira13,
  author = {Oliveira, Bruno C. d. S. and van der Storm, Tijs and Loh, Alex and Cook, William R.},
  title = {{Feature-Oriented Programming with Object Algebras}},
  booktitle = {{Proceedings of the 27th European Conference on Object-Oriented Programming (ECOOP'13)}},
  year = 2013,
  editor = {Castagna, Giuseppe},
  pages = {27--51},
  address = {Montpellier, France},
  organization = {},
  publisher = {Springer},
  volume = {},
  number = {},
  series = {Lecture Notes in Computer Science 7920},
  month = jul,
  note = {}
}

@ARTICLE{Kovesdan14,
  author = {K\"ovesd\'an, G\'abor and Asztalos, M\'ark and Lengyel, L\'aszl\'o},
  title = {{A Classification of Domain-Specific Language Intents}},
  journal = {{International Journal of Modeling and Optimization}},
  publisher = {IACSIT Press},
  year = 2014,
  volume = 4,
  number = 1,
  pages = {67--73},
  month = feb,
  note = {}
}
@INPROCEEDINGS{VanDenBos13,
  author = {{\sortnoop{Bos}}van den Bos, Jeroen and van der Storm, Tijs},
  title = {{A Case Study in Evidence-Based DSL Evolution}},
  booktitle = {{Proceedings of the 9th European Conference on Modelling Foundations and Applications (ECMFA'13)}},
  year = 2013,
  editor = {Van Gorp, Pietr and Ritter, Tom and Rose, Louis M.},
  pages = {},
  address = {Montpellier, France},
  organization = {},
  publisher = {},
  volume = {},
  number = {},
  series = {},
  month = jul,
  note = {}
}

@ARTICLE{Vasudevan11,
  author = {Vasudevan, Naveneetha and Tratt, Laurence},
  title = {{Comparative Study of DSL Tools}},
  journal = {{Electronic Notes in Theoretical Computer Science}},
  year = 2011,
  volume = 264,
  number = 5,
  pages = {103--121},
  month = jul,
  note = {}
}

@INCOLLECTION{Hedin11,
  author = {Hedin, G\"orel},
  title = {{An Introductory Tutorial on JastAdd Attribute Grammars}},
  booktitle = {{Generative and Transformational Techniques in Software Engineering III}},
  publisher = {Springer},
  year = 2011,
  chapter = {},
  pages = {166--200},
  address = {},
  editor = {Fernandes, Jo{\~a}o M. and L\"{a}mmel, Ralf and Visser, Joost and Saraiva, {Jo\~{a}o}},
  volume = {},
  number = {},
  series = {Lecture Notes in Computer Science 6491},
  type = {},
  edition = {},
  month = {},
  note = {}
}

@INCOLLECTION{Visser07,
  author = {Visser, Eelco},
  title = {{WebDSL: A Case Study in Domain-Specific Language Engineering}},
  booktitle = {{Generative and Transformational Techniques in Software Engineering II}},
  publisher = {Springer},
  year = 2008,
  chapter = {},
  pages = {291--373},
  address = {},
  editor = {L\"{a}mmel, Ralf and Visser, Joost and Saraiva, {Jo\~{a}o}},
  volume = {},
  number = {},
  series = {Lecture Notes in Computer Science 5235},
  type = {},
  edition = {},
  month = {},
  note = {}
}

@INPROCEEDINGS{Heidenreich11,
  author = {Heidenreich, Florian and Johannes, Jendrik and Karol, Sven and Seifert, Mirko and Wende, Christian},
  title = {{Model-Based Language Engineering with EMFText}},
  booktitle = {{Proceedings of the International Summer School on Generative and Transformational Techniques in Software Engineering (GTTSE'11)}},
  year = 2011,
  editor = {L\"{a}mmel, Ralf and Visser, Joost and Saraiva, Jo{\~a}o},
  pages = {322--345},
  address = {Braga, Portugal},
  organization = {},
  publisher = {Springer},
  volume = {},
  number = {},
  series = {Lecture Notes in Computer Science 7680},
  month = jul,
  note = {}
}

@INPROCEEDINGS{Lorenz11,
  author = {Lorenz, David H. and Rosenan, Boaz},
  title = {{Cedalion: A Language for Language Oriented Programming}},
  booktitle = {{Proceedings of the 2011 ACM International Conference on Object-Oriented Programming Systems Languages and Applications}},
  year = 2011,
  editor = {Fisher, Kathleen},
  pages = {733--752},
  address = {Portland, OR, USA},
  organization = {},
  publisher = {ACM},
  volume = {},
  number = {},
  series = {},
  month = oct,
  note = {}
}

@INPROCEEDINGS{Erdweg12,
  author = {Erdweg, Sebastian and  Giarrusso, Paolo G. and Rendel, Tillmann},
  title = {{Language Composition Untangled}},
  booktitle = {{Proceedings of the 12th Workshop on Language Description, Tools, and Applications (LDTA'12)}},
  year = 2012,
  editor = {Sloane, Anthony M. and Andova, Suzana},
  pages = {},
  address = {Tallinn, Estonia},
  organization = {},
  publisher = {ACM},
  volume = {},
  number = {},
  series = {},
  month = mar,
  note = {}
}

@INPROCEEDINGS{Kaminski13,
  author = {Kaminski, Ted and Van Wyk, Eric},
  title = {{Creating and Using Domain-Specific Language Features}},
  booktitle = {{Proceedings of the 1st Workshop on the Globalization of Domain Specific Languages (GlobalDSL'13)}},
  year = 2013,
  editor = {Combemale, Beno{\^\i}t and Cazzola, Walter and France, Robert B.},
  pages = {18--21},
  address = {Montpellier, France},
  organization = {},
  publisher = {ACM},
  volume = {},
  number = {},
  series = {},
  month = jul,
  note = {}
}

@INPROCEEDINGS{Kaminski17,
  author = {Kaminski, Ted and Kramer, Lucas and Carlson, Travis and Van Wyk, Eric},
  title = {{Reliable and Automatic Composition of Language Extensions to C: The ableC Extensible Language Framework}},
  booktitle = {{Proceedings of the 32nd International Conference on Object-Oriented Programming, Systems, Languages, and Applications (OOPSLA'17)}},
  year = 2017,
  editor = {Aldrich, Jonathan},
  pages = {98:1--98:29},
  address = {Vancouver, Canada},
  organization = {},
  publisher = {ACM},
  volume = {},
  number = {},
  series = {},
  month = oct,
  note = {}
}


@INPROCEEDINGS{Bosch96,
author = {Bosch, Jan},
  title = {{Delegating Compiler Objects}},
  booktitle = {{Proceedings of the 6th International Conference on Compiler Construction (CC'96)}},
  year = 1996,
  editor = {Gyim{\'o}th, Tibor},
  pages = {326--340},
  address = {Link{\"o}ping, Sweden},
  organization = {},
  publisher = {Springer},
  volume = {},
  number = {},
  series = {Lecture Notes in Computer Science 1060},
  month = apr,
  note = {}
}

@INPROCEEDINGS{Jim02,
  author = {Jim, Trevor and Morrisett, Greg and Grossman, Dan and Hicks, Michael and Cheney, James and Wang, Yanling},
  title = {{Cyclone: A Safe Dialect of C}},
  booktitle = {{Proceedings of USENIX Annual Technical Conference (USENIX'02)}},
  year = 2002,
  editor = {},
  pages = {},
  address = {Monterey, CA, USA},
  organization = {},
  publisher = {USENIX Association},
  volume = {},
  number = {},
  series = {},
  month = jun,
  note = {}
}

@PHDTHESIS{Ekman06,
  author = {Ekman, Torbj{\"o}rn},
  title = {{Extensible Compiler Construction}},
  school = {Department of Computer Science, Lund University},
  year = 2006,
  address = {Lund, Sweden},
  type = {PhD thesis},
  month = {},
  note = {}
}

@TECHREPORT{Ng11,
  author = {Ng, Karen and Warren, Matt and Golde, Peter and Hejlberg, Anders},
  title = {{The Roslyn Project: Exposing the C\# and VB Compiler's Code Analysis}},
  institution = {Microsoft},
  year = 2011,
  type = {White Paper},
  number = {},
  address = {},
  month = oct,
  note = {}
}

@INPROCEEDINGS{Efftinge06,
  author = {Efftinge, Sven and V{\"o}lter, Markus},
  title = {{oAW xText: A Framework for Textual DSLs}},
  booktitle = {{Proceedings of the EclipseCon Summit Europe 2006 (ESE'06)}},
  year = 2006,
  editor = {},
  pages = {},
  address = {Esslingen, Germany},
  organization = {},
  publisher = {},
  volume = 32,
  number = {},
  series = {},
  month = nov,
  note = {}
}

@ARTICLE{VanDeursen98,
  author = {{\sortnoop{Deursen}}van Deursen, Arie and Klint, Paul},
  title = {{Little Languages: Little Maintenance?}},
  journal = {{Journal of Software Maintenance: Research and Practice}},
  publisher = {John Wiley \& Sons},
  year = 1998,
  volume = 10,
  number = 2,
  pages = {75--92},
  month = mar#"-"#apr,
  note = {}
}

@ARTICLE{VanDeursen02,
  author = {{\sortnoop{Deursen}}van Deursen, Arie and Klint, Paul},
  title = {{Domain-Specific Language Design Requires Feature Descriptions}},
  journal = {{Journal of Computing and Information Technology}},
  year = 2002,
  volume = 10,
  number = {},
  pages = {1--17},
  month = {},
  note = {}
}

@ARTICLE{Kosar06,
  author = {Kosar, Toma\v{z} and Mernik, Marjan},
  title = {{Embedded Domain-Specific Languages in Prolog}},
  journal = acta,
  year = 2006,
  volume = 6,
  number = 3,
  pages = {},
  month = {},
  note = {}
}

@ARTICLE{Zdun10,
  author = {Zdun, Uwe},
  title = {{A DSL Toolkit for Deferring Architectural Decisions in DSL-Based Software Design}},
  journal = {{Information and Software Technology}},
  publisher = {Elsevier},
  year = 2010,
  volume = 52,
  number = 7,
  pages = {733--748},
  month = mar,
  note = {}
}

@INPROCEEDINGS{Nielson04,
  author = {Nielson, Seth J. and Knutson, Charles D.},
  title = {{OO++: Exploring the Multiparadigm Shift}},
  booktitle = {{Prooceedings of ECOOP Workshop on Multiparadigm Programming with Object-Oriented Languages (MPOOL'04)}},
  year = 2004,
  editor = {},
  pages = {},
  address = {Oslo, Norway},
  organization = {},
  publisher = {},
  volume = {},
  number = {},
  series = {},
  month = jun,
  note = {}
}

@INPROCEEDINGS{Falcon09,
  author = {Falcon, Jos\'e and Cook, William R.},
  title = {{Gel: A Generic Extensible Language}},
  booktitle = {{Proceedings of the IFIP TC 2 Working Conference on Domain-Specific Languages (DSL'09)}},
  year = 2009,
  editor = {Taha, Walid},
  pages = {58--77},
  address = {Oxford, United Kingdom},
  organization = {},
  publisher = {Springer},
  volume = {},
  number = {},
  series = {Lecture Notes in Computer Science 5658},
  month = 2009,
  note = {}
}

@ARTICLE{Spinellis01,
  author = {Spinellis, Diomidis},
  title = {{Notable Design Patterns for Domain-Specific Languages}},
  journal = {{The Journal of Systems and Software}},
  year = 2001,
  volume = 56,
  number = {},
  pages = {91--99},
  month = {},
  publisher = {Elsevier},
  note = {}
}

@INPROCEEDINGS{Freeman06,
  author = {Freeman, Steve and Pryce, Nat},
  title = {{Evolving an Embedded Domain-Specific Language in Java}},
  booktitle = {{Proceedings of the Dynamic Languages Symposium (DLS'06)}},
  year = 2006,
  editor = {},
  pages = {855--865},
  address = {Portland, Oregon, USA},
  organization = {},
  publisher = {ACM},
  volume = {},
  number = {},
  series = {},
  month = oct,
  note = {}
}

@INPROCEEDINGS{Cleenewerck03,
  author = {Cleenewerck, Thomas},
  title = {{Component-Based DSL Development}},
  booktitle = {{Proceedings of the 2nd International Conference on Generative Programming and Component Engineering (GPCE'03)}},
  year = 2003,
  editor = {},
  pages = {245--264},
  address = {Erfurt, Germany},
  organization = {},
  publisher = {Springer-Verlag},
  volume = {Lecture Notes in Computer Science 2830},
  number = {},
  series = {},
  month = sep,
  note = {}
}

@INPROCEEDINGS{Cleenewerck07,
  author = {Cleenewerck, Thomas and Kurtev, Ivan},
  title = {{Separation of Concerns in Translational Semantics for DSLs in Model Engineering}},
  booktitle = {{Proceedings of the 12th Annual ACM Symposium on Applied Computing (SAC'07)}},
  year = 2007,
  editor = {},
  pages = {985--992},
  address = {Seoul, South Korea},
  organization = {ACM},
  publisher = {},
  volume = {},
  number = {},
  series = {},
  month = mar,
  note = {}
}

@PHDTHESIS{Cleenewerck07b,
  author = {Cleenewerck, Thomas},
  title = {{Modularizing Language Constructs: A Reflective Approach}},
  school = {Vrije Universiteit Brussel},
  year = 2007,
  address = {Brussel, Belgium},
  month = jul,
  note = {}
}

@PHDTHESIS{Warth09,
  author = {Warth, Alessandro},
  title = {{Experimenting with Programming Languages}},
  school = {{University of California at Los Angeles}},
  year = 2009,
  address = {Los Angeles, CA, USA},
  month = {},
  note = {}
}

@ARTICLE{Dmitriev04,
  author = {Dmitriev, Sergey},
  title = {{Language Oriented Programming: The Next Programming Paradigm}},
  journal = {{OnBoard}},
  year = 2004,
  volume = {},
  number = {},
  pages = {1--13},
  month = nov,
  note = {}
}

@ARTICLE{Mernik05,
  author = {Mernik, Marjan and Heering, Jan and Sloane, Anthony M.},
  title = {{When and How to Develop Domain Specific Languages}},
  journal = acmcs,
  year = 2005,
  volume = 37,
  number = 4,
  pages = {316--344},
  month = dec,
  note = {}
}

@MISC{Fowler05,
  author = {Fowler, Martin},
  title = {{Language Workbenches: The Killer-App for Domain Specific Languages?}},
  howpublished = {Martin Fowler's Blog},
  month = may,
  url = {http://www.martinfowler.com/articles/languageWorkbench.html},
  year = 2005,
  note = {}
}

@MISC{Fowler05b,
  author = {Fowler, Martin},
  title = {{Fluent Interface}},
  howpublished = {Martin Fowler's Blog},
  month = may,
  url = {http://martinfowler.com/bliki/FluentInterface.html},
  year = 2005,
  note = {}
}

@ARTICLE{White09,
  author = {White, Jules and Hill, James H. and Gray, Jeff and Tambe, Sumant and Gokhale, Aniruddha and Schmidt, Douglas C.},
  title = {{Improving Domain-specific Language Reuse with Software Product-Line Configuration Techniques}},
  journal = {IEEE Software},
  year = 2009,
  volume = 26,
  number = 4,
  pages = {47--53},
  month = jul#"-"#aug,
  note = {}
}

@ARTICLE{Hedin03,
  author = {Hedin, G\"orel and Magnusson, Eva},
  title = {{JastAdd --- An Aspect-Oriented Compiler Construction System}},
  journal = {{Science of Computer Programming}},
  year = 2003,
  volume = 47,
  number = 1,
  pages = {37--58},
  month = apr,
  note = {}
}

@ARTICLE{Ekman07b,
  author = {Ekman, Torbj\"orn and Hedin, G\"orel},
  title = {{The JastAdd System --- Modular Extensible Compiler Construction}},
  journal = {{Science of Computer Programming}},
  year = 2007,
  volume = 69,
  number = {1-3},
  pages = {14--26},
  month = dec,
  note = {}
}

@INPROCEEDINGS{Ekman07,
  author = {Ekman, Torbj\"orn and Hedin, G\"orel},
  title = {{The JastAdd Extensible Java Compiler}},
  booktitle = {{Proceedings of the 22nd Annual Conference on Object-Oriented Programming Systems, Languages, and Applications (OOPSLA'07)}},
  year = 2007,
  editor = {},
  pages = {1--18},
  address = {Montr\'eal, Qu\'ebec, Canada},
  organization = {},
  publisher = {ACM},
  volume = {},
  number = {},
  series = {},
  month = oct,
  note = {}
}

@INPROCEEDINGS{Oqvist13,
  author = {\"{O}qvist, Jesper and Hedin, G\"{o}rel},
  title = {{Extending the JastAdd extensible Java compiler to Java 7}},
  booktitle = {{Proceedings of the 10th International Conference on Principles and Practices of Programming on the Java Platform (PPPJ'13)}},
  year = 2013,
  editor = {Binder, Walter},
  pages = {147--152},
  address = {Stuttgart, Germany},
  organization = {},
  publisher = {ACM},
  volume = {},
  number = {},
  series = {},
  month = sep,
  note = {}
}

@INPROCEEDINGS{Zenger01,
  author = {Zenger, Matthias and Odersky, Martin},
  title = {{Implementing Extensible Compilers}},
  booktitle = {{Proceedings of ECOOP Workshop on Multiparadigm Programming with Object-Oriented Languages (MPOOL'01)}},
  year = 2001,
  editor = {},
  pages = {},
  address = {Budapest, Hungary},
  organization = {},
  publisher = {},
  volume = {},
  number = {},
  series = {},
  month = jun,
  note = {}
}

@INPROCEEDINGS{Nystrom03,
  author = {Nystrom, Nathaniel and Clarkson, Michael R. and Myers, Andrew C.},
  title = {{Polyglot: An Extensible Compiler Framework for Java}},
  booktitle = {{Proceedings of the 12th International Conference on Compiler Construction (CC'03)}},
  year = 2003,
  editor = {},
  pages = {138--152},
  address = {Warsaw, Poland},
  organization = {},
  publisher = {Springer},
  volume = {},
  number = {},
  series = {Lecture Notes in Computer Science 2622},
  month = apr,
  note = {}
}

@INPROCEEDINGS{Ladd94,
  author = {Ladd, David A. and Ramming, J. Christopher},
  title = {{Two Application Languages in Software Production}},
  booktitle = {{Proceedings of the USENIX 1994 Very High Level Languages Symposium}},
  year = 1994,
  editor = {},
  pages = {1--10},
  address = {Santa Fe, New Mexico, USA},
  organization = {},
  publisher = {},
  volume = {},
  number = {},
  series = {},
  month = oct,
  note = {}
}

@ARTICLE{VanDeursen00,
  author = {{\sortnoop{Deursen}}van Deursen, Arie and Klint, Paul and Visser, Joost},
  title = {{Domain-Specific Languages: An Annotated Bibliography}},
  journal = {{ACM SIGPLAN Notices}},
  year = 2000,
  volume = 35,
  number = 6,
  pages = {26--36},
  month = jun,
  note = {}
}

@BOOK{Fowler10,
  author = {Fowler, Martin and Parsons, Rebecca},
  editor = {},
  title = {{Domain Specific Languages}},
  publisher = {{Addison Wesley}},
  year = 2010,
  address = {},
  edition = {},
  volume = {},
  number = {},
  series = {},
  month = sep,
  note = {}
}

@ARTICLE{Ghosh11,
  author = {Ghosh, Debasish},
  title = {{DSL for the Uninitiated}},
  journal = cacm,
  year = 2011,
  volume = 54,
  number = 7,
  pages = {44--50},
  month = jul,
  note = {}
}

@ARTICLE{Ghosh11b,
  author = {Ghosh, Debasish},
  title = {{DSL for the Uninitiated}},
  journal = {{ACM Queue Magazine}},
  year = 2011,
  volume = 9,
  number = 6,
  pages = {1--11},
  month = jun,
  note = {}
}

@MISC{Fowler09,
  author = {Fowler, Martin},
  title = {{Introducing Domain Specific Languages}},
  howpublished = {{Keynote at DSL Developer's Conference}},
  month = {},
  year = 2009,
  note = {Available at \url{http://msdn.microsoft.com/en-us/data/dd727707.aspx}.}
}

@BOOK{Garzone06,
  author = {Garzone, Giuliana Elena},
  editor = {},
  title = {{Perspectives on ESP and Popularization}},
  publisher = {CUEM},
  year = 2006,
  address = {},
  edition = {},
  volume = {},
  number = {},
  series = {},
  month = jan,
  note = {}
}

@BOOK{Ghosh10,
  author = {Ghosh, Debasish},
  editor = {},
  title = {{DSLs in Action}},
  publisher = {Manning Publications Co.},
  year = 2010,
  address = {},
  edition = {},
  volume = {},
  number = {},
  series = {},
  month = dec,
  note = {}
}

@ARTICLE{Bentley86,
  author = {Bentley, Jon},
  title = {{Programming Pearls: Little Languages}},
  journal = cacm,
  year = 1986,
  volume = 29,
  number = 8,
  pages = {711--721},
  month = aug,
  publisher = {ACM},
  note = {}
}

@ARTICLE{Tratt08,
  author = {Tratt, Laurence},
  title = {{Domain Specific Language Implementation Via Compile-Time Meta-Programming}},
  journal = toplas,
  year = 2008,
  volume = 30,
  number = 6,
  pages = {31:1--31:40},
  month = oct,
  note = {}
}

@INPROCEEDINGS{Tratt08b,
  author = {Tratt, Laurence},
  title = {{Evolving a DSL Implementation}},
  booktitle = {{Proceedings of the International Summer School on Generative and Transformational Techniques in Software Engineering II (GTTSE'07)}},
  year = 2008,
  editor = {L\"ammel, Ralf and Visser, Joost and Saraiva, {Jo\~{a}o}},
  pages = {425--441},
  address = {Braga, Portugal},
  organization = {},
  publisher = {Springer},
  volume = {},
  number = {},
  series = {Lecture Notes in Computer Science 5235},
  month = apr,
  note = {}
}

@INPROCEEDINGS{Faith97,
  author = {Faith, Rickard E. and Nyland, Lars S. and Prins, Jan F.},
  title = {{KHEPERA: A System for Rapid Implementation of Domain Specific Languages}},
  booktitle = {{Proceedings USENIX Conference on Domain-Specific Languages (DSL'97)}},
  year = 1997,
  editor = {},
  pages = {243--255},
  address = {Santa Barbara, CA, USA},
  organization = {},
  publisher = {},
  volume = {},
  number = {},
  series = {},
  month = oct,
  note = {}
}

@INPROCEEDINGS{Voelter12,
  author = {V{\"o}lter, Markus and Pech, Vaclav},
  title = {{Language Modularity with the MPS Language Workbench}},
  booktitle = {{Proceedings of the 34th International Conference on Software Engineering (ICSE'12)}},
  year = 2012,
  editor = {},
  pages = {1449--1450},
  address = {Z\"urich, Switzerland},
  organization = {},
  publisher = {IEEE},
  volume = {},
  number = {},
  series = {},
  month = jun,
  note = {}
}

@INPROCEEDINGS{Voelter12b,
  author = {V\"olter, Markus and Ratiu, Daniel and Sch\"atz, Bernhard and Kolb, Bernd},
  title = {{mbeddr: an Extensible C-Based Programming Language and IDE for Embedded Systems}},
  booktitle = {{Proceedings of the 3rd Annual Conference on Systems, Programming, and Applications: Software for Humanity (SPLASH'12)}},
  year = 2012,
  editor = {},
  pages = {121--140},
  address = {Tucson, AZ, USA},
  organization = {},
  publisher = {ACM},
  volume = {},
  number = {},
  series = {},
  month = oct,
  note = {}
}

@INPROCEEDINGS{Dinkelaker10,
  author = {Dinkelaker, Tom and Eichberg, Michael and Mezini, Mira},
  title = {{An Architecture for Composing Embedded Domain-Specific Languages}},
  booktitle = {{Proceedings of the 9th International Conference on Aspect-Oriented Software Development (AOSD'10)}},
  year = 2010,
  editor = {},
  pages = {49--60},
  address = {Saint-Mal\`o, France},
  organization = {},
  publisher = {ACM},
  volume = {},
  number = {},
  series = {},
  month = mar,
  note = {}
}

@INPROCEEDINGS{Knoll09,
  author = {Kn{\"o}ll, Roman and Mezini, Mira},
  title = {{$\piup$: A Pattern Language}},
  booktitle = {{Proceedings of the 24th ACM SIGPLAN Conference on Object-Oriented Programming (OOPSLA'09)}},
  year = 2009,
  editor = {Arora, Shail and Leavens, Gary T.},
  pages = {503--522},
  address = {Orlando, FL, USA},
  organization = {},
  publisher = {ACM},
  volume = {},
  number = {},
  series = {},
  month = oct,
  note = {}
}

@INPROCEEDINGS{Efftinge12,
  author = {Efftinge, Sven and Eysholdt, Moritz and K\"{o}hnlein, Jan and Zarnekow, Sebastian and von Massow, Robert and Hasselbring, Wilhelm and Hanus, Michael},
  title = {{xBase: Implementing Domain-Specific Languages for Java}},
  booktitle = {{Proceedings of the 11th International Conference on Generative Programming and Component Engineering (GPCE'12)}},
  year = 2012,
  editor = {},
  pages = {112--121},
  address = {Dresden, Germany},
  organization = {},
  publisher = {ACM},
  volume = {},
  number = {},
  series = {},
  month = sep,
  note = {}
}

@MISC{Efftinge10,
  author = {Efftinge, Sven},
  title = {{xBase: A New Programming Language?}},
  howpublished = {{Author's Blog}},
  month = {},
  year = 2010,
  note = {Available at \url{http://blog.efftinge.de/2010/09/xbase-new-programming-language.html}.}
}

@BOOK{Bettini13b,
  author = {Bettini, Lorenzo},
  editor = {},
  title = {{Implementing Domain-Specific Languages with Xtext and Xtend}},
  publisher = {{PACKT Publishing Ltd}},
  year = 2013,
  address = {},
  edition = {},
  volume = {},
  number = {},
  series = {},
  month = aug,
  note = {}
}

@INPROCEEDINGS{Bettini13,
  author = {Bettini, Lorenzo},
  title = {{Implementing Java-like Languages in Xtext with Xsemantics}},
  booktitle = {{Proceedings of the 28th Annual ACM Symposium on Applied Computing (SAC'13)}},
  year = 2013,
  editor = {},
  pages = {1559--1564},
  address = {Coimbra, Portugal},
  organization = {ACM},
  publisher = {},
  volume = {},
  number = {},
  series = {},
  month = mar,
  note = {}
}

@ARTICLE{Mernik05b,
  author = {Mernik, Marjan and \u{Z}umer, Viljem},
  title = {{Incremental Programming Language Development}},
  journal = {{Computer Languages, Systems and Structures}},
  year = 2005,
  volume = 31,
  number = 1,
  pages = {1--16},
  month = apr,
  publisher = {Elsevier},
  note = {}
}

@ARTICLE{Rebernak09,
  author = {Rebernak, Damijan and Mernik, Marjan and Wu, Hui and Gray, Jeff G.},
  title = {{Domain-Specific Aspect Languages for Modularising Crosscutting Concerns in Grammars}},
  journal = {{IET Software}},
  year = 2009,
  volume = 3,
  number = 3,
  pages = {184--200},
  month = jun,
  note = {}
}

@ARTICLE{Henriques05,
  author = {Henriques, Pedro Rangel and Varanda Pereira, Maria Jo{\~a}o and Mernik, Marjan and Leni\v{c}, Mitja and Gray, Jeff and Wu, Hui},
  title = {{Automatic Generation of Language-Based Tools Using the LISA System}},
  journal = {IEE Proceedings --- Software},
  publisher = {IET},
  year = 2005,
  volume = 152,
  number = 2,
  pages = {54--69},
  month = apr,
  note = {}
}

@ARTICLE{Krahn10,
  author = {Krahn, Holger and Rumpe, Bernhard and V{\"o}lkel, Steven},
  title = {{MontiCore: A Framework for Compositional Development of Domain Specific Languages}},
  journal = {{International Journal on Software Tools for Technology Transfer}},
  year = 2010,
  volume = 12,
  number = 5,
  pages = {353--372},
  month = sep,
  note = {}
}

@INPROCEEDINGS{Liebig13,
  author = {Liebig, J\"org and Daniel, Rolf and Apel, Sven},
  title = {{Feature-Oriented Language Families: A Case Study}},
  booktitle = {{Proceedings of the 7th International Workshop on Variability Modelling of Software-intensive Systems (VaMoS'13)}},
  year = 2013,
  editor = {Collet, Philippe and Schmid, Klaus},
  pages = {},
  address = {Pisa, Italy},
  organization = {},
  publisher = {ACM},
  volume = {},
  number = {},
  series = {},
  month = jan,
  note = {}
}

@INPROCEEDINGS{Apel09b,
  author = {Apel, Sven and K\"astner, Christian and Lengauer, Christian},
  title = {{Language-Independent, Automated Software Composition}},
  booktitle = {{Proceedings of the 31st International Conference on Software Engineering (ICSE'09)}},
  year = 2009,
  editor = {},
  pages = {221--231},
  address = {Vancouver, BC, Canada},
  organization = {},
  publisher = {IEEE},
  volume = {},
  number = {},
  series = {},
  month = may,
  note = {}
}

@MASTERSTHESIS{deGroot05,
  author = {de Groot, Ren\'e},
  title = {{Implementation of the Java-SWUL Language: A Domain-Specific Language for the SWING API Embedded in Java}},
  school = {Faculty of Science, Utrecht University},
  year = 2005,
  address = {Utrecht, The Netherlands},
  type = {Master's Thesis},
  month = jan,
  note = {}
}

@BOOK{Chen00,
  author = {Chen, Zhiqun},
  editor = {},
  title = {{Java Card Technology for Smart Cards: Architecture and Programmer's Guide}},
  publisher = {{Addison-Wesley}},
  year = 2000,
  address = {Reading, MA, USA},
  edition = {},
  volume = {},
  number = {},
  series = {},
  month = {},
  note = {}
}

@ARTICLE{Barrett15,
  author = {Barrett, Edd and Bolz, Carl Friedrich and Tratt, Laurence},
  title = {{Approaches to Interpreter Composition}},
  journal = {{Computer Languages, Systems \& Structures}},
  year = 2015,
  volume = 44,
  number = {Part C},
  pages = {199--217},
  month = dec,
  note = {}
}

@ARTICLE{Kosar16,
  author = {Kosar, Toma\v{z} and Bohra, Sudev and Mernik, Marjan},
  title = {{Domain Specific Languages: A Systematic Mapping Study}},
  journal = {{Information and Software Technology}},
  publisher = {Elsevier},
  year = 2016,
  volume = 71,
  number = {},
  pages = {77--91},
  month = mar,
  note = {}
}

@ARTICLE{Flatt11,
  author = {Flatt, Matthew},
  title = {{Creating Languages in Racket}},
  journal = {{ACM Queue}},
  year = 2011,
  volume = 9,
  number = 11,
  pages = {1--15},
  month = nov,
  note = {}
}

@INPROCEEDINGS{Florence15,
  author = {Florence, Spencer P. and Fetscher, Bruke and Flatt, Matthew and Temps, William H. and Kiguradze, Tina and West, Dennis P. and Niznik, Charlotte and Yarnold, Paul R. and Findler, Robert Bruce and Belknap, Steven M.},
  title = {{POP-PL: A Patient-Oriented Prescription Programming Language}},
  booktitle = {{Proceedings of the 14th International Conference on Generative Programming: Concepts and Experiences (GPCE'15)}},
  year = 2015,
  editor = {K\"astner, Christian and Gokh\={a}l\'e, Anir\"uddh\={a}},
  pages = {131--140},
  address = {Pittsburgh, PA, USA},
  organization = {},
  publisher = {ACM},
  volume = {},
  number = {},
  series = {},
  month = oct,
  note = {}
}

@INPROCEEDINGS{Degueule15,
  author = {Degueule, Thomas and Combemale, Beno{\^{i}}t and Blouin, Arnaud and Barais, Olivier and J\'ez\'equel, Jean-Marc},
  title = {{Melange: a Meta-Language for Modular and Reusable Development of DSLs}},
  booktitle = {{Proceedings of the 8th International Conference on Software Language Engineering (SLE'15)}},
  year = 2015,
  editor = {Di Ruscio, Davide and V\"olter, Markus},
  pages = {25--36},
  address = {Pittsburgh, PA, USA},
  organization = {},
  publisher = {ACM},
  volume = {},
  number = {},
  series = {},
  month = oct,
  note = {}
}

@INPROCEEDINGS{Gray08,
  author = {Gray, Jeff and Fisher, Kathleen and Consel, Charles and Karsai, Gabor and Mernik, Marjan and Tolvanen, Juha-Pekka},
  title = {{DSLs: The Good, the Bad, and the Ugly}},
  booktitle = {{Companion to the 23rd ACM SIGPLAN Conference on Object-oriented Programming Systems Languages and Applications}},
  year = 2008,
  editor = {},
  pages = {791--794},
  address = {Nashville, TN, USA},
  organization = {},
  publisher = {ACM},
  volume = {},
  number = {},
  series = {},
  month = oct,
  note = {}
}

@INPROCEEDINGS{Bublik14,
  author = {Bubl{\'\i}k, Tom\'a\v{s} and Virius, Miroslav},
  title = {{Scripting Language for Java Source Code Recognition}},
  booktitle = {{International Conference on Future Information Engineering (FIE'14)}},
  year = 2014,
  editor = {},
  pages = {119--130},
  address = {Beijing, China},
  organization = {},
  publisher = {Elsevier},
  volume = 10,
  number = {},
  series = {IERI Procedia},
  month = jul,
  note = {}
}

@INPROCEEDINGS{Klint09b,
  author = {Klint, Paul and van der Storm, Tijs and Vinju, Jurgen},
  title = {{RASCAL: A Domain Specific Language for Source Code Analysis and Manipulation}},
  booktitle = {{Proceedings of the International Working Conference on Source Code Analysis and Manipulation (SCAM'09)}},
  year = 2009,
  editor = {Walenstein, Andrew and Schupp, Sibylle},
  pages = {168--177},
  address = {Edmonton, Canada},
  organization = {},
  publisher = {IEEE},
  volume = {},
  number = {},
  series = {},
  month = sep,
  note = {}
}

@BOOK{Voelter13,
  author = {Voelter, Markus},
  editor = {},
  title = {{DSL Engineering}},
  publisher = {},
  year = 2013,
  address = {},
  edition = {},
  volume = {},
  number = {},
  series = {},
  month = {},
  note = {}
}

@INPROCEEDINGS{Gunther10,
  author = {G\"unther, Sebastian and Cleenewerck, Thomas},
  title = {{Design Principles for Internal Domain-Specific Languages: A Pattern Catalog Illustrated by Ruby}},
  booktitle = {{Proceedings of the 17th Conference on Pattern Languages of Programs (PLOP'10)}},
  year = 2010,
  editor = {Kohls, Christian},
  pages = {},
  address = {Reno, Nevada, USA},
  organization = {},
  publisher = {},
  volume = {},
  number = {},
  series = {},
  month = oct,
  note = {}
}

@INPROCEEDINGS{Cunningham08,
  author = {Cunningham, H. Conrad},
  title = {{A Little Language for Surveys: Constructing an Internal DSL in Ruby}},
  booktitle = {{Proceedings of the 46th Annual Southeast Regional Conference on Software Engineering (ACM-SE'08)}},
  year = 2008,
  editor = {},
  pages = {282--287},
  address = {Auburn, Alabama, USA},
  organization = {},
  publisher = {ACM},
  volume = {},
  number = {},
  series = {},
  month = mar,
  note = {}
}

@INPROCEEDINGS{Hudak98,
  author = {Hudak, Paul},
  title = {{Modular Domain Specific Languages and Tools}},
  booktitle = {{Proceedings of the 5th International Conference on Software Reuse (ICSR'98)}},
  year = 1998,
  editor = {Devanbu, Premkumar and Poulin, Jeffrey},
  pages = {134--142},
  address = {Victoria, BC, Canada},
  organization = {},
  publisher = {IEEE},
  volume = {},
  number = {},
  series = {},
  month = jun,
  note = {}
}

@ARTICLE{Thibault99,
  author = {Thibault, Scott A. and Marlet, Renaud and Consel, Charles},
  title = {{Domain-Specific Languages: From design to Implementation. Application to Video Device Drivers Generation}},
  journal = ieeese,
  publisher = {IEEE},
  year = 1999,
  volume = 25,
  number = 3,
  pages = {363--377},
  month = may#"/"#jun,
  note = {}
}

@INPROCEEDINGS{Artho15,
  author = {Artho, Cyrille and Havelund, Klaus and Kumar, Rahul and Yamagata, Yoriyuki},
  title = {{Domain-Specific Languages with Scala}},
  booktitle = {{17th International Conference on Formal Engineering Methods (ICFM'15)}},
  year = 2015,
  editor = {Butler, Michael and Conchon, Sylvain and Za{\"\i}di, Fatiha},
  pages = {1--16},
  address = {Paris, France},
  organization = {},
  publisher = {Springer},
  volume = {},
  number = {},
  series = {Lecture Notes in Computer Science 9407},
  month = nov,
  note = {}
}

@INPROCEEDINGS{Spiewak09,
  author = {Spiewak, Daniel and Zhao, Tian},
  title = {{ScalaQL: Language-Integrated Database Queries for Scala}},
  booktitle = {{Proceedings of the 1st International Conference on Software Language Engineering (SLE'09)}},
  year = 2009,
  editor = {van den Brand, Mark and Ga\v{s}evi\'c, Dragan and Gray, Jeff},
  pages = {154--163},
  address = {Denver, CO, USA},
  organization = {},
  publisher = {Springer},
  volume = {},
  number = {},
  series = {Lecture Notes in Computer Science 5969},
  month = oct,
  note = {}
}

@INPROCEEDINGS{Barrett16,
  author = {Barrett, Edd and Bolz, Carl Friedrich and Diekmann, Lukas and Tratt, Laurence},
  title = {{Fine-Grained Language Composition: A Case Study}},
  booktitle = {{Proceedings of the 30th European Conference on Object-Oriented Programming (ECOOP'16)}},
  year = 2016,
  editor = {Krishnamurthi, Shiram},
  pages = {3:1--3:27},
  address = {Rome, Italy},
  organization = {},
  publisher = {Schloss Dagstuhl---Leibniz-Zentrum f\"ur Informatik},
  volume = {},
  number = {},
  series = {},
  month = jul,
  note = {}
}

@ARTICLE{Felleisen18,
  author = {Felleisen, Matthias and Findler, Robert B. and Flatt, Matthew and Krishnamurthi, Shiram and Barzilay, Eli and McCarthy, Jay amd Tobin-Hochstadt, Sam},
  title = {{A Programmable Programming Language}},
  journal = cacm,
  publisher = {ACM},
  year = 2018,
  volume = 61,
  number = 3,
  pages = {62--71},
  month = mar,
  note = {}
}

@ARTICLE{Cheatham69,
  author = {Cheatham, Jr, Thomas E.},
  title = {{Motivation for Extensible Languages}},
  journal = {{ACM Sigplan Notices}},
  publisher = {ACM},
  year = 1969,
  volume = 4,
  number = 8,
  pages = {45--49},
  month = aug,
  note = {}
}

@INPROCEEDINGS{Grundy06,
  author = {Grundy, John and Hosking, John and Zhu, Nianping and Liu, Na},
  title = {{Generating Domain-Specific Visual Language Editors from High-Level Tool Specifications}},
  booktitle = {{Proceedings of the 21st IEEE International Conference on Automated Spftware Engineering (ASE'06)}},
  year = 2006,
  editor = {Uchitel, Sebastian and Easterbrook, Steve},
  pages = {25--36},
  address = {Tokyo, Japan},
  organization = {},
  publisher = {IEEE},
  volume = {},
  number = {},
  series = {},
  month = sep,
  note = {}
}

@ARTICLE{Zhu07,
  author = {Zhu, Nianping and Grundy, John and Hosking, John and Liu, Na and Cao, Shuping and Mehra, Akhil},
  title = {{Pounamu: A Meta-Tool for Exploratory Domain-Specific Visual Language Tool Development}},
  journal = {{Journal of Systems and Software}},
  publisher = {Elsevier},
  year = 2007,
  volume = 80,
  number = 8,
  pages = {1390--1407},
  month = aug,
  note = {}
}

@ARTICLE{Laforcade10,
  author = {Laforcade, Pierre},
  title = {{A Domain-Specific Modeling Approach for Supporting the Specification of Visual Instructional Design Languages and the Building of Dedicated Editors}},
  journal = {{Journal of Visual Languages and Computing}},
  publisher = {Elsevier},
  year = 2010,
  volume = 21,
  number = 6,
  pages = {347--358},
  month = dec,
  note = {}
}

@INPROCEEDINGS{Holldobler17,
  author = {H{\"o}lldobler, Katrin and Roth, Alexander and Rumpe, Bernhard and Wortmann, Andreas},
  title = {{Advances in Modeling Language Engineering}},
  booktitle = {{Proceedings of the 7th International Conference on Model and Data Engineering (MEDI'17)}},
  year = 2017,
  editor = {Ouhammou, Yassine and Ivanovic, Mirjana and Abell\'o, Alberto and Bellatreche, Ladjel},
  pages = {3--17},
  address = {Barcelona, Spain},
  organization = {},
  publisher = {Springer},
  volume = {},
  number = {},
  series = {Lecture Notes in Computer Science 10563},
  month = oct,
  note = {}
}

@ARTICLE{Kolovos17,
  author = {Kolovos, Dimitris and Garc{\'\i}a-Dom{\'\i}nguez, Antonio and Rose, Louis M. and Paige, Richard F.},
  title = {{EuGENia: Towards Disciplined and Automated Development of GMF-Based Graphical Model Editors}},
  journal = {{Software System and Modeling}},
  publisher = {Springer},
  year = 2017,
  volume = 16,
  number = 1,
  pages = {229--255},
  month = feb,
  note = {}
}

@INPROCEEDINGS{Vujovic14,
  author = {Vujovi\'c, Vladimir and Maksimovi\'c, Mirjana and Peri\v{s}i\'c, Branko},
  title = {{Comparative Analysis of DSM Graphical Editor Frameworks: Graphiti vs. Sirius}},
  booktitle = {{Proceedings of the 23rd International Electrotechnical and Computer Science Conference (ERK'14)}},
  year = 2014,
  editor = {},
  pages = {7--10},
  address = {Portoro\v{z}, Slovenia},
  organization = {},
  publisher = {},
  volume = {},
  number = {},
  series = {},
  month = {},
  note = {}
}

@INPROCEEDINGS{Vujovic14b,
  author = {Vujovi\'c, Vladimir and Maksimovi\'c, Mirjana and Peri\v{s}i\'c, Branko},
  title = {{Sirius: A Rapid Development of DSM Graphical Editor}},
  booktitle = {{Proceedings of the IEEE 18th International Conference on Intelligent Engineering Systems (INES'14)}},
  year = 2014,
  editor = {Haidegger, Tam\'as and Kov\'acs, Levente},
  pages = {},
  address = {Budapest, Hungary},
  organization = {},
  publisher = {IEEE},
  volume = {},
  number = {},
  series = {},
  month = jul,
  note = {}
}

@ARTICLE{Naujokat17,
  author = {Naujoikat, Stefan and Lybecait, Michael and Kopetzki, Dawid and Steffen, Bernhard},
  title = {{CINCO: A Simplicity-Driven Approach to Full Generation of Domain-Specific Graphical Modeling Tools}},
  journal = {{International Journal on Software Tools for Technology Transfer}},
  publisher = {Springer},
  year = 2017,
  volume = {},
  number = {},
  pages = {1--28},
  month = may,
  note = {}
}

@INPROCEEDINGS{Pescador15,
  author = {Pescador, Ana and Garmendia, Antonio and Guerra, Esther and S\'anchez Cuadrado, Jes\'us and de Lara, Juan},
  title = {{Pattern-Based Development of Domain-Specific Modelling Languages}},
  booktitle = {{Proceedings of the 18th International Conference on Model Driven Engineering Languages and Systems (MoDELS'15)}},
  year = 2015,
  editor = {Cabot, Jordi and Egyed, Alexander},
  pages = {166--175},
  address = {Ottawa, Canada},
  organization = {},
  publisher = {},
  volume = {},
  number = {},
  series = {},
  month = oct,
  note = {}
}

@ARTICLE{Basten15,
  author = {Basten, Bas and van den Bos, Jeroen and Hills, Mark and Klint, Paul and Lankamp, Arnold and Lisser, Bert and van der Ploeg, Atze and van der Storm, Tijs and Vinju, Jurgen},
  title = {{Modular Language Implementation in Rascal---Experience Report}},
  journal = {{Science of Computer Programming}},
  publisher = {Elsevier},
  year = 2015,
  volume = 114,
  number = {},
  pages = {7--19},
  month = dec,
  note = {}
}

@MASTERSTHESIS{Gortz14,
  author = {G\"ortz, Harald},
  title = {{A Concrete Grammar Specification Language for JastAdd}},
  school = {Department of Computer Science, Lund University},
  year = 2014,
  address = {Lund, Sweden},
  type = {Master Thesis},
  month = jun,
  note = {}
}

@ARTICLE{Jezequel15,
  author = {J\'ez\'equel, Jean-Marc and Combemale, Beno{\^\i}t and Barais, Olivier and Monperrus, Martin and Fouquet, Fran\c{c}ois},
  title = {{Mashup of Metalanguages and Its Implementation in the kermeta Language Workbench}},
  journal = {{Software and Systems Modeling}},
  publisher = {Springer},
  year = 2015,
  volume = 14,
  number = 2,
  pages = {905--920},
  month = may,
  note = {}
}

@INPROCEEDINGS{Karsai09,
  author = {Karsai, Gabor and Krahn, Holger and Pinkernell, Claas and Rumpe, Berhard and Schindler, Martin and V\"olkel, Steven},
  title = {{Design Guidelines for Domain Specific Languages}},
  booktitle = {{Proceedings of the 9th OOPSLA Workshop on Domain-Specific Modeling (DSM'09)}},
  year = 2009,
  editor = {},
  pages = {},
  address = {Orlando, FL, USA},
  organization = {},
  publisher = {},
  volume = {},
  number = {},
  series = {},
  month = oct,
  note = {}
}

@INPROCEEDINGS{Krahn08,
  author = {Krahn, Holger and Rumpe, Bernhard and V\"olkel, Stefan},
  title = {{MontiCore: Modular Development of Textual Domain Specific Languages}},
  booktitle = {{Proceedings of the 46th International Conference Objects, Models, Components, Patterns (TOOLS EUROPE'08)}},
  year = 2008,
  editor = {Paige, Richard F. and Meyer, Bertrand},
  pages = {297--315},
  address = {Z\"urich, Switzerland},
  organization = {},
  publisher = {Springer},
  volume = {},
  number = {},
  series = {},
  month = jun,
  note = {}
}

@ARTICLE{Kalleberg08,
  author = {Kalleberg, Karl Trygve and Visser, Eelco},
  title = {{Fusing a Transformation Language with an Open Compiler}},
  journal = {{Electronic Notes in Theoretical Computer Science}},
  publisher = {Elsevier},
  year = 2008,
  volume = 203,
  number = {},
  pages = {21--36},
  month = {},
  note = {}
}

@INPROCEEDINGS{Volter11,
  author = {V\"olter, Markus},
  title = {{Language and IDE Modularization and Composition with MPS}},
  booktitle = {{Proceedings of the 4th International Summer School on Generative and Transformational Techniques in Software Engineering (GTTSE'11)}},
  year = 2011,
  editor = {L\"ammel, Ralf and Saraiva, Jo\~ao and Visser, Joost},
  pages = {383--430},
  address = {Braga, Portugal},
  organization = {},
  publisher = {Springer},
  volume = {},
  number = {},
  series = {Lecture Notes in Computer Science 7680},
  month = jul,
  note = {}
}

@INPROCEEDINGS{Mosses14,
  author = {Mosses, Peter D. and Vesely, Ferdinand},
  title = {{FunKons: Component-Based Semantics in K}},
  booktitle = {{Proceedings of the 10th International Workshop on Rewriting Logic and its Applications (WRLA'14)}},
  year = 2014,
  editor = {Escobar, Santiago},
  pages = {213--229},
  address = {Grenoble, France},
  organization = {},
  publisher = {Springer},
  volume = {},
  number = {},
  series = {Lecture Notes in Computer Science 8663},
  month = apr,
  note = {}
}

@ARTICLE{Mosses15,
  author = {Mosses, Peter D.},
  title = {{Semantics of Programming Languages: Using \textsc{Asf+Sdf}}},
  journal = {{Science of Computer Programming}},
  publisher = {Elsevier},
  year = 2015,
  volume = 97,
  number = {},
  pages = {2--10},
  month = {},
  note = {}
}

@ARTICLE{Churchill15,
  author = {Churchill, Martin and Mosses, Peter D. and Schulthorpe, Neil and Torrini, Paolo},
  title = {{Reusable Components of Semantic Specifications}},
  journal = {{Transaction on Aspect-Oriented Software Development}},
  publisher = {Springer},
  year = 2015,
  volume = {},
  number = {},
  pages = {132--179},
  month = mar,
  note = {}
}

@INPROCEEDINGS{Churchill14,
  author = {Churchill, Martin and Mosses, Peter D. and Torrini, Paolo},
  title = {{Reusable Components of Semantic Specifications}},
  booktitle = {{Proceedings of the 13th International Conference on Modularity (Modularity'14)}},
  year = 2014,
  editor = {Ernst, Eric},
  pages = {145--156},
  address = {Lugano, Switzerland},
  organization = {},
  publisher = {ACM},
  volume = {},
  number = {},
  series = {},
  month = apr,
  note = {}
}

@INPROCEEDINGS{BachPoulsen13,
  author = {Bach Poulsen, Casper and Mosses, Peter D.},
  title = {{Generating Specialized Interpreters for Modular Structural Operational Semantics}},
  booktitle = {{Proceedings of the 23rd International Symposium on Logic-Based Program Synthesis and Transformation (LOPSTR'13)}},
  year = 2013,
  editor = {Gupta, Gopal and Pe{\~n}a, Ricardo},
  pages = {220--236},
  address = {Madrid, Spain},
  organization = {},
  publisher = {Springer},
  volume = {},
  number = {},
  series = {Lecture Notes in Computer Science 8901},
  month = sept,
  note = {}
}

@INPROCEEDINGS{VanDenBrand01,
  author = {van den Brand, Mark G. and van Deursen, Arie and Heering, Jan and de Jong, Hayco A. and de Jonge, Merijn and Kuipers, Tobias and Klint, Paul and Moonen, Leon and Olivier, Pieter A. and Scheerder, Jeroen and Vinju, Jurgen J. and Visser, Eelco and Visser, Joost},
  title = {{The \textsc{Asf+Sdf} Meta-Environment; A Component-Based Language Development Environment}},
  booktitle = {{Proceedings of the 10th International Conference on Compiler Construction (CC'01)}},
  year = 2001,
  editor = {Wilhelm, Reinhard},
  pages = {365--370},
  address = {Genova, Italy},
  organization = {},
  publisher = {Springer},
  volume = {},
  number = {},
  series = {Lecture Notes in Computer Science 2027},
  month = apr,
  note = {}
}

@BOOK{Bergstra89,
  author = {},
  editor = {Bergstra, Johannes A. and Heering, Jan and Klint, Paul},
  title = {{Algebraic Specification}},
  publisher = {ACM Press/Addison-Wesley},
  year = 1989,
  address = {},
  edition = {},
  volume = {},
  number = {},
  series = {},
  month = {},
  note = {}
}

@INBOOK{Bergstra89b,
  author = {Bergstra, Johannes A. and Heering, Jan and Klint, Paul},
  editor = {},
  title = {{The Algebraic Specification Formalism \textsc{Asf}}},
  chapter = 2,
  pages = {1--66},
  publisher = {ACM Press/Addison-Wesley},
  year = 1989,
  address = {},
  volume = {Algebraic Specification},
  number = {},
  series = {},
  type = {},
  edition = {},
  month = {},
  note = {}
}

@ARTICLE{Heering89c,
  author = {Heering, Jan and Hendricks, Paul R. H. and Klint, Paul and Rekers, Jan},
  title = {{The Syntax Definition Formalism SDF ---Reference Manual---}},
  journal = {{SIGPLAN Notices}},
  publisher = {ACM},
  year = 1989,
  volume = 24,
  number = 11,
  pages = {43--75},
  month = nov,
  note = {}
}

@INBOOK{Heering89,
  author = {Heering, Jan and Klint, Paul},
  editor = {},
  title = {{The Syntax Definition Formalism \textsc{Sdf}}},
  chapter = 6,
  pages = {283--358},
  publisher = {ACM Press/Addison-Wesley},
  year = 1989,
  address = {},
  volume = {Algebraic Specification},
  number = {},
  series = {},
  type = {},
  edition = {},
  month = {},
  note = {}
}

@INBOOK{Heering89b,
  author = {Heering, Jan and Klint, Paul},
  editor = {},
  title = {{PICO Revisited}},
  chapter = 7,
  pages = {359--379},
  publisher = {ACM Press/Addison-Wesley},
  year = 1989,
  address = {},
  volume = {Algebraic Specification},
  number = {},
  series = {},
  type = {},
  edition = {},
  month = {},
  note = {}
}

@ARTICLE{Mosses19,
  author = {Mosses, Peter D.},
  title = {{Software Meta-Language Engineering and CBS}},
  journal = {{Journal of Computer Languages}},
  publisher = {Elsevier},
  year = 2019,
  volume = 50,
  number = {},
  pages = {39--48},
  month = feb,
  note = {}
}

@INPROCEEDINGS{Cauligi19,
  author = {Cauligi, Sunjay and Soeller, Gary and Johannesmeyer, Brian and Brown, Fraser and Wahby, Riad S. and Renner, John and Gr\'egoire, Benjamin and Barthe, Gilles and Jhala, Ranjit and Stefan, Deian},
  title = {{FaCT: A DSL for Timing-Sensitive Computation}},
  booktitle = {{Proceedings of the 40th ACM Conference on Programming Language Design and Implementation (PLDI'19)}},
  year = 2019,
  editor = {Fisher, Kathleen},
  pages = {174--189},
  address = {Phoenix, AZ, USA},
  organization = {},
  publisher = {ACM},
  volume = {},
  number = {},
  series = {},
  month = jun,
  note = {}
}

@PHDTHESIS{Krishnamurthi01,
  author = {Krishnamurthi, Shriram},
  title = {{Linguistic Reuse}},
  school = {Rice University},
  year = 2001,
  address = {Houston, Texas},
  type = {PhD Thesis},
  month = may,
  note = {}
}

@ARTICLE{Zhang19,
  author = {Zhang, Weixin and Oliveira, Bruno C. d. S.},
  title = {{Shallow EDSLs and Object-Oriented Programming}},
  journal = {{The Art, Science, and Engineering of Programming Journal}},
  publisher = {AOSA},
  year = 2019,
  volume = 3,
  number = 3,
  pages = {},
  month = {},
  note = {}
}

@ARTICLE{Ratiu18,
  author = {Ratiu, Daniel and V\"olter, Markus and Pavletic, Domenik},
  title = {{Automated Testing of DSL Implementations---Experiences from Building mbeddr}},
  journal = {{Software Quality journal}},
  publisher = {Springe},
  year = 2018,
  volume = 26,
  number = 4,
  pages = {1483--1518},
  month = dec,
  note = {}
}

@BOOK{Smith19,
  author = {Smith, Nicholas and  van Bruggen, Danny and Tomasetti, Federico},
  editor = {},
  title = {{javaParser: Visited}},
  publisher = {LeanPub},
  year = 2019,
  address = {},
  edition = {},
  volume = {},
  number = {},
  series = {},
  month = {},
  note = {}
}

@INPROCEEDINGS{Beazley96,
  author = {Beazley, David M.},
  title = {{SWIG: An Easy to Use Tool for Integrating Scripting Languages with C and C++}},
  booktitle = {{Proceedings of the 4th Annaual Tcl/Tk Workshop (Tcl/Tk'96)}},
  year = 1996,
  editor = {Diekhans, Mark and Roseman, Mark},
  pages = {},
  address = {Monterey, CA, USA},
  organization = {},
  publisher = {Usenix},
  volume = {},
  number = {},
  series = {},
  month = jul,
  note = {}
}

@ARTICLE{Herndon88,
  author = {Herndon, Robert M., Jr and Berzins, Valdis A.},
  title = {{The Realizable Benefits of a Language Prototyping Language}},
  journal = ieeese,
  publisher = {IEEE},
  year = 1988,
  volume = 14,
  number = 6,
  pages = {803--809},
  month = jun,
  note = {}
}

@INPROCEEDINGS{Coulon20,
  author = {Coulon, Fabien and Auvolat, Alex and Combemale, Beno{\^\i}t and Bromberg, Y\'erom-David and Ta{\"\i}ni, Fran\c{c}ois and Barais, Olivier and Plouzeau, No\"el},
  title = {{Modular and Distributed IDE}},
  booktitle = {{Proceedings of the 13th International Conference on Software Language Engineering (SLE'20)}},
  year = 2020,
  editor = {Tratt, Laurence and de Lara, Juan},
  pages = {},
  address = {Chicago, IL, USA},
  organization = {},
  publisher = {ACM},
  volume = {},
  number = {},
  series = {},
  month = nov,
  note = {}
}

@ARTICLE{Butting20,
  author = {Butting, Arvid and Eikermann, Robert and H\"olldobler, Katrin and Jansen, Nico and Rumpe, Bernhard and Wortmann, Andreas},
  title = {{A Library of Literals, Expressions, Types, and Statements for Compositional Language Design}},
  journal = {{Journal of Object-Technology}},
  publisher = {},
  year = 2020,
  volume = 19,
  number = 3,
  pages = {1--16},
  month = oct,
  note = {}
}

@ARTICLE{Combemale14,
  author = {Combemale, Beno{\^\i}t and De Antoni, Julien and Baudry, Beno{\^\i}t and France, Robert B. and J\'ez\'equel, Jean-Marc and Gray, Jeff},
  title = {{Globalizing Modeling Languages}},
  journal = {{IEEE Computer}},
  publisher = {IEEE},
  year = 2014,
  volume = 47,
  number = {},
  pages = {68--71},
  month = jun,
  note = {}
}

@INPROCEEDINGS{Erdweg13b,
  author = {Erdweg, Sebastian and van der Storm, Tijs and V\"olter, Markus and Boersma, Meinte and Bosman, Remi and Cook, William R. and Gerrtsen, Albert and Hulshout, Angelo and Kelly, Steven and Loh, Alex and Konat, Gabri\"el D. P. and Molina, Pedro J. and Palatnik, Martin and Pohjonen, Risto and Schindler, Eugen and Schindler, Klemens and Solmi, Riccardo and Vergu, Vlad A. and Visser, Eelco},
  title = {{The State of the Art in Language Workbenches}},
  booktitle = {{Proceedings of the 6th International Conference on Software Language Engineering (SLE'13)}},
  year = 2013,
  editor = {Erwig, Martin and Paige, Richard F. and Van Wyk, Eric},
  pages = {197--217},
  address = {Indianapolis, USA},
  organization = {},
  publisher = {Springer},
  volume = {},
  number = {},
  series = {Lecture Notes on Computer Science 8225},
  month = oct,
  note = {}
}

@INPROCEEDINGS{Visser14,
  author = {Visser, Eelco and Wachsmuth, Guido and Tolmach, Andrew and Neron, Pierre and Vergu, Vlad and Passalaqua, Augusto and Konat, Gabri\"el},
  title = {{A Language Designer's Workbench: A One-Stop-Shop for Implementation and Verification of Language Designs}},
  booktitle = {{Proceedings of the International Symposium on New Ideas, New Paradigms, and Reflections on Programming \& Software (Onward!'14)}},
  year = 2014,
  editor = {Black, Andrew P. and Krishnamurthi, Shriram and Bruegge, Bernd and Ruskiewicz, Joseph N.},
  pages = {95--111},
  address = {Portland, OR, USA},
  organization = {},
  publisher = {ACM},
  volume = {},
  number = {},
  series = {},
  month = oct,
  note = {}
}

@INPROCEEDINGS{Zschaler09b,
  author = {Zschaler, Steffen and Kolovos, Dimitrios S. and Drivalos, Nikolaos and Paige, Richard F. and Rashid, Awais},
  title = {{Domain-Specific Metamodelling Languages for Software Language Engineering}},
  booktitle = {{Proceedings of the 2nd International Conference on Software Language Engineering (SLE'09)}},
  year = 2009,
  editor = {van den Brand, Mark and Ga\v{s}evi\'c, Dragan and Gray, Jeff},
  pages = {334--353},
  address = {Denver, CO, USA},
  organization = {},
  publisher = {Springer},
  volume = {},
  number = {},
  series = {Lecture Notes in Computer Science 5969},
  month = oct,
  note = {}
}

@INPROCEEDINGS{deLara12,
  author = {de Lara, Juan and Guerra, Esther},
  title = {{Domain-Specific Textual Meta-Modelling Languages for Model Driven Engineering}},
  booktitle = {{Proceedings of the European Conference on Modelling Foundations and Applications (ECMFA'12)}},
  year = 2012,
  editor = {Vallecillo, Antonio and Tolvanen, Juha-Pekka and Kindler, Ekkart and St{\"o}rrle, Harald and Kolovos, Dimitris},
  pages = {259--274},
  address = {Kgs. Lyngby, Denmark},
  organization = {},
  publisher = {Springer},
  volume = {},
  number = {},
  series = {Lecture Notes in Computer Science 7349},
  month = jul,
  note = {}
}

@INPROCEEDINGS{Bettini15,
  author = {Bettini, Lorenzo and Crescenzi, Pierluigi},
  title = {{An Eclipse IDE for Teaching Java{-}-}},
  booktitle = {{Proceedings of 10th International Conference on Software Technology (ICSOFT'15)}},
  year = 2015,
  editor = {Lorenz, Pascal and Cardoso, Jorge and Maciaszek, Leszek A. and van Sinderen, Marten},
  pages = {63--78},
  address = {Colmar, France},
  organization = {},
  publisher = {Springer},
  volume = {},
  number = {},
  series = {Communications in Computer and Information Science 586},
  month = jul,
  note = {}
}

@INPROCEEDINGS{Jezequel14,
  author = {J\'ez\'equel, Jean-Marc and M\'endez-Acu\~na, David and Degueule, Thomas and Combemale, Beno\^{\i}t and Barais, Olivier},
  title = {{When Systems Engineering Meets Software Language Engineering}},
  booktitle = {{Proceedings of the 5th International Conference on Complex Systems Design \& Management (CSDM'14) }},
  year = 2014,
  editor = {Boulanger, Fr\'ed\'eric and Krob, Daniel and Morel, G\'erard and Rousse, Jean-Claude},
  pages = {1--13},
  address = {Paris, France},
  organization = {},
  publisher = {Springer},
  volume = {},
  number = {},
  series = {},
  month = nov,
  note = {}
}

@INPROCEEDINGS{Combemale17,
  author = {Combemale, Beno\^{\i}t and Barais, Olivier and Wortmann, Andreas},
  title = {{Language Engineering with the GEMOC Studio}},
  booktitle = {{Proceedings of the International Conference on Software Architecture Workshop (ICSAW'17)}},
  year = 2017,
  editor = {},
  pages = {189--191},
  address = {Gothenburg, Sweden},
  organization = {},
  publisher = {IEEE},
  volume = {},
  number = {},
  series = {},
  month = apr,
  note = {}
}

@INPROCEEDINGS{VanAmstel10,
  author = {van Amstel, Marcel and van den Brand, Mark and Engelen, Luc},
  title = {{An Exercise in Iterative Domain-Specific Language Design}},
  booktitle = {{Proceedings of the Workshop on Software Evolution (IWPSE-EVOL'10)}},
  year = 2010,
  editor = {Capiluppi, Andrea and Cleve, Anthony and Moha, Naouel},
  pages = {48--57},
  address = {Antwerp, Belgium},
  organization = {},
  publisher = {ACM},
  volume = {},
  number = {},
  series = {},
  month = sep,
  note = {}
}

@ARTICLE{VanBinsbergen19,
  author = {{\sortnoop{Binsbergen}}van Binsbergen, L. Thomas and Mosses, Peter D. and Sculthorpe, Neil},
  title = {{Executable Component-Based Semantics}},
  journal = {{Journal of Logical and Algebraic Methods in Programming}},
  publisher = {Elsevier},
  year = 2019,
  volume = 103,
  number = 2,
  pages = {184--212},
  month = feb,
  note = {}
}

@INPROCEEDINGS{Thanhofer-Pilisch17,
  author = {Thanhofer-Pilisch, J\"urgen and Lang, Alexander and Vierhauser, Michael and Rabiser, Rick},
  title = {{A Systematic Mapping Study on DSL Evolution}},
  booktitle = {{Proceedings of the 43rd Euromicro Conference on Software Engineering and Advanced Applications (SEAA'17)}},
  year = 2017,
  editor = {Felderer, Michael and Holmstr\"om Olsson, Helena and Skavhaug, Amund},
  pages = {149--156},
  address = {Vienna, Austria},
  organization = {},
  publisher = {IEEE},
  volume = {},
  number = {},
  series = {},
  month = aug#"-"#sep,
  note = {}
}

@INPROCEEDINGS{Basalaj08,
  author = {Basalaj, Wojciech},
  title = {{How to Select a Programming Language Subset to Maximise Software Quality}},
  booktitle = {{Proceedings of the 16th Safety-Critical Systems Symposium (SSS'08)}},
  year = 2008,
  editor = {Redmill, Felix and Anderson, Tom},
  pages = {43--56},
  address = {Bristol, United Kingdom},
  organization = {},
  publisher = {Springer},
  volume = {},
  number = {},
  series = {},
  month = feb,
  note = {}
}

@ARTICLE{Hatton07,
  author = {Hatton, Les},
  title = {{Language Subsetting in an Industrial Context: A Comparison of MISRA C 1998 and MISRA C 2004}},
  journal = {{Information and Software Technology}},
  publisher = {Elsevier},
  year = 2007,
  volume = 49,
  number = 5,
  pages = {475--482},
  month = may,
  note = {}
}

@INPROCEEDINGS{Barash21,
  author = {Barash, Mikhail},
  title = {{The Next 700 Language Workbenches}},
  booktitle = {{Proceedings of the 14th International Conference on Software Language Engineering (SLE'21)}},
  year = 2021,
  editor = {Kolovos, Dimitris and S\"oderberg, Emma},
  pages = {},
  address = {Chicago, IL, USA},
  organization = {},
  publisher = {ACM},
  volume = {},
  number = {},
  series = {},
  month = oct,
  note = {}
}

@ARTICLE{Leduc20,
  author = {Leduc, Manuel and Degueule, Thomas and Van Wyk, Eric and Combemale, Beno{\^\i}t},
  title = {{The Software Language Extension Problem}},
  journal = {{Software and Systems Modeling}},
  publisher = {Springer},
  year = 2020,
  volume = 19,
  number = 2,
  pages = {263--267},
  month = jan,
  note = {}
}

@INPROCEEDINGS{Leduc17,
  author = {Leduc, Manuel and Degueule, Thomas and Combemale, Beno{\^\i}t and van der Storm, Tijs},
  title = {{Revisiting Visitors for Modular Extension of Executable DSMLs}},
  booktitle = {{Proceedings of 20th International on Model Driven Engineering Languages and Systems (MoDELS'17)}},
  year = 2017,
  editor = {Gray, Jeff},
  pages = {112--122},
  address = {Austin, TX, USA},
  organization = {},
  publisher = {IEEE},
  volume = {},
  number = {},
  series = {},
  month = sep,
  note = {}
}

@INPROCEEDINGS{Oliveira12,
  author = {Oliveira, Bruno C. d. S. and Cook, William R.},
  title = {{Extensibility for the Masses: Practical Extensibility with Object Algebras}},
  booktitle = {{Proceedings of the 26th European Conference on Object-Oriented Programming (ECOOP'12)}},
  year = 2012,
  editor = {Noble, James},
  pages = {2--27},
  address = {Beijing, China},
  organization = {},
  publisher = {Springer},
  volume = {},
  number = {},
  series = {Lecture Notes in Computer Science 7313},
  month = jun,
  note = {}
}

@INPROCEEDINGS{Krishnamurthi15,
  author = {Krishnamurthi, Shriram},
  title = {{Desugaring in Practice: Opportunities and Challenges}},
  booktitle = {{Proceedings of the Workshop on Partial Evaluation and Program Manipulation (PEPM'15)}},
  year = 2015,
  editor = {Asai, Kenichi and Sagonas, Kostis},
  pages = {1--2},
  address = {Mumbai, India},
  organization = {},
  publisher = {ACM},
  volume = {},
  number = {},
  series = {},
  month = jan,
  note = {}
}

@INPROCEEDINGS{Lorenzen16,
  author = {Lorenzen, Florian and Erdweg, Sebastian},
  title = {{Sound Type-Dependent Syntactic Language Extension}},
  booktitle = {{Proceedings of the 43rd Annual Symposium on Principles of Programming Languages (PoPL'16)}},
  year = 2016,
  editor = {Majumdar, Rupak},
  pages = {204--216},
  address = {St.\ Petersburg, FL, USA},
  organization = {},
  publisher = {ACM},
  volume = {},
  number = {},
  series = {},
  month = jan,
  note = {}
}

@ARTICLE{Kovacevic22,
  author = {Kova\v{c}evi\'c, \v{Z}eljko and Ravber, Miha and Liu, Shih-Hsi and \v{C}repin\v{s}ek, Matej},
  title = {{Automatic Compiler/Interpreter Generation from Programs for Domain-Specific Languages: Code Bloat Problem and Performance Improvement}},
  journal = {{Journal of Computer Languages}},
  publisher = {Elsevier},
  year = 2022,
  volume = {},
  number = {},
  pages = {},
  month = mar,
  note = {}
}

@INPROCEEDINGS{Rost20,
  author = {Rost, Wolf},
  title = {{Mining of DSLf and Generator Templates from Reference Applications}},
  booktitle = {{Proceedings of the 23rd International Conference on Model Driven Engineering Languages and Systems (MoDELS'20)}},
  year = 2020,
  editor = {de Lara, Juan},
  pages = {32:1--32:7},
  address = {Virtual Event Canada},
  organization = {},
  publisher = {ACM},
  volume = {},
  number = {},
  series = {},
  month = oct,
  note = {}
}

@INPROCEEDINGS{Rosenan10,
  author = {Rosenan, Boaz},
  title = {{Designing Language-Oriented Programming Languages}},
  booktitle = {{Proceedings of the ACM International Conference on Object-Oriented Programming Systems Languages and Applications (OOPSLA'10)}},
  year = 2010,
  editor = {Rinard, Martin and Sullivan, Kevin J. and Steinberg, Daniel H.},
  pages = {207--208},
  address = {Reno, Nevada, USA},
  organization = {},
  publisher = {ACM},
  volume = {},
  number = {},
  series = {},
  month = oct,
  note = {}
}

@INPROCEEDINGS{Tomassetti20,
  author = {Tomassetti, Federico and Zaytsev, Vadim},
  title = {{Reflections on the Lack of Adoption of Domain Specific Languages}},
  booktitle = {{Proceeedings of the 5th International Workshop on Open and Original Problems in Software Language Engineering (OOPSLE'20)}},
  year = 2020,
  editor = {Burgue\~no, Lola and Kristensen, Lars Michael},
  pages = {85--94},
  address = {Bergen, Norway},
  organization = {},
  publisher = {CEUR},
  volume = {},
  number = {},
  series = {},
  month = jun,
  note = {}
}

@INPROCEEDINGS{Hadas16,
  author = {Hadas, Arik and Lorenz, David H.},
  title = {{Toward Pratical Language Oriented Modularity}},
  booktitle = {{Companion Proceedings of the 15th International Conference on Modularity (Modularity'16)}},
  year = 2016,
  editor = {Batory, Don and Czarnecki, Krzysztof},
  pages = {94--98},
  address = {M\'alaga, Spain},
  organization = {},
  publisher = {ACM},
  volume = {},
  number = {},
  series = {},
  month = mar,
  note = {}
}

@INPROCEEDINGS{Lindeman11,
  author = {Lindeman, Ricky T. and Kats, Lennart C. L. and Visser, Eelco},
  title = {{Declaratively Defining Domain-Specific Language Debuggers}},
  booktitle = {{Proceedings of the 10t International Conference on Generative Programming and Components (GPCE'11)}},
  year = 2011,
  editor = {Pagh Schultz, Ulrik},
  pages = {127--136},
  address = {Portland, OR, USA},
  organization = {},
  publisher = {ACM},
  volume = {},
  number = {},
  series = {},
  month = oct,
  note = {}
}

@BOOK{Whorf56,
  author = {Whorf, Benjamin Lee},
  editor = {Carroll, John B.},
  title = {{Language, Thought, and Reality: Selected Writings of Benjamin Lee Whorf}},
  publisher = {Mit Press},
  year = 1956,
  address = {},
  edition = {},
  volume = {},
  number = {},
  series = {},
  month = dec,
  note = {}
}

@ARTICLE{Iung20,
  author = {Iung, An{\'\i}bal and Cabrbonell, Jo\~ao and Marchezan, Luciano and Rodrigues, Elder and Bernardino, Maicon and Basso, Fabio Paulo and Madeiros, Bruno},
  title = {{Systematic Mapping Study on Domain-Specific Language Development Tools}},
  journal = {{Empirical Software Engineering}},
  publisher = {Springe},
  year = 2020,
  volume = 25,
  number = 5,
  pages = {4205--4249},
  month = sep,
  note = {}
}

@ARTICLE{Johnstone10,
  author = {Johnstone, Adrian and Mosses, Peter D. and Scott, Elizabeth},
  title = {{An Agile Approach to Language Modelling and Development}},
  journal = {{Innovations in Systems and Software Engineering}},
  publisher = {Springer},
  year = 2010,
  volume = 6,
  number = 1,
  pages = {145--153},
  month = {},
  note = {}
}

@INPROCEEDINGS{Borum22,
  author = {Borum, Holger Stadel and Seidl, Christoph},
  title = {{Survey of Established Practices in the Life Cycle of Domain-Specific Languages}},
  booktitle = {{Proceedings of the 25th International Conference on Model Driven Engineering Languages and Systems (MoDELS'22)}},
  year = 2022,
  editor = {Wimmer, Manuel},
  pages = {266--277},
  address = {Montreal, QC, Canada},
  organization = {},
  publisher = {ACM},
  volume = {},
  number = {},
  series = {},
  month = oct,
  note = {}
}

@INPROCEEDINGS{Karaila09,
  author = {Karaila, Mika},
  title = {{Evolution of a Domain Specific Language and Its Engineering Environment---Lehman's Laws Revisited}},
  booktitle = {{Proceedings of te 9th OOPSLA Workshop on Domain-Specific Modeling (DSM'09)}},
  year = 2009,
  editor = {Tolvanen, Juha-Pekka and Gray, Jeff and Rossi, Matti and Sprinkle, Jonathan},
  pages = {1--7},
  address = {Orlando, FL, USA},
  organization = {},
  publisher = {},
  volume = {},
  number = {},
  series = {},
  month = oct,
  note = {}
}

@ARTICLE{Nosal16,
  author = {Nos\'al, Milan and Sul\'{\i}r, Mat\'u\v{s} and Juh\'ar, J\'an},
  title = {{Language Composition Using Source Code Annotations}},
  journal = {{Computer Science and Information Systems}},
  publisher = {ComSIS Consortium},
  year = 2016,
  volume = 13,
  number = 3,
  pages = {707--729},
  month = nov,
  note = {}
}

@ARTICLE{Butting22,
  author = {Butting, Arvid and Michael, Judith and Rumpe, Bernhard},
  title = {{Language Composition Via Kind-Typed Symbol Tables}},
  journal = {{Journal of Object Technology}},
  publisher = {AITO},
  year = 2022,
  volume = 21,
  number = 4,
  pages = {4:1--13},
  month = oct,
  note = {}
}

@INPROCEEDINGS{VanBinsbergen16,
  author = {{\sortnoop{Binsbergen}}van Binsbergen, L. Thomas and Sculthorpe, Neil and Mosses, Peter D.},
  title = {{Tool Support for Component-Based Semantics}},
  booktitle = {{Companion Proceedings of the 15th International Conference on Modularity (Companion Modularity'16)}},
  year = 2016,
  editor = {},
  pages = {8--11},
  address = {M\'alaga, Spain},
  organization = {},
  publisher = {ACM},
  volume = {},
  number = {},
  series = {},
  month = mar,
  note = {}
}

@INPROCEEDINGS{Chowdhary13,
  author = {Chowdhary, K. R.},
  title = {{On the Evolution of Programming Languages}},
  booktitle = {{Proceedings of the UGC National Conference on New Advances in Programming Languages and Their Implementation (APL'13)}},
  year = 2013,
  editor = {},
  pages = {},
  address = {Jodhpur, India},
  organization = {},
  publisher = {},
  volume = {},
  number = {},
  series = {},
  month = {mar},
  note = {Available as arXiv:2007.02699}
}

@INPROCEEDINGS{Pech13,
  author = {Pech, Vaclav and Shatalin, Alex and V\"olter, Markus},
  title = {{JetBrains MPS as a Tool for Extending Java}},
  booktitle = {{Proceedings of the 10th International Conference on Principles and Practices of Programming on the Java Platform (PPPJ'13)}},
  year = 2013,
  editor = {Binder, Walter},
  pages = {165--168},
  address = {Stuttgart, Germany},
  organization = {},
  publisher = {ACM},
  volume = {},
  number = {},
  series = {},
  month = sep,
  note = {}
}

@INPROCEEDINGS{Mosses19b,
  author = {Mosses, Peter D.},
  title = {{A Component-Based Formal Language Workbench}},
  booktitle = {{Proceedings of the 5th Workshop on Formal Integrated Development Environment (F-IDE'19)}},
  year = 2019,
  editor = {Monahan, Rosemary and Prevosto, Virgile and Proen\c{c}a, Jos\'e},
  pages = {29--34},
  address = {Porto, Portugal},
  organization = {},
  publisher = {},
  volume = {},
  number = {},
  series = {},
  month = oct,
  note = {}
}

@INPROCEEDINGS{Gronninger08,
  author = {Gr\"onninger, Hans and Krahn, Holger and Rumpe, Bernhard and Schindler, Martin and V\"olkel, Steven},
  title = {{MontiCore: A Framework for the Development of Textual Domain Specific Languages}},
  booktitle = {{Companion Proceedings of the 30th International Conference on Software Enginering (Companion ICSE'08)}},
  year = 2008,
  editor = {Sch\"afer, Wilhelm and Dwyer, Matthew and Gruhn, Volker},
  pages = {925--926},
  address = {Leipzig, Germany},
  organization = {},
  publisher = {IEEE},
  volume = {},
  number = {},
  series = {},
  month = may,
  note = {}
}

@INPROCEEDINGS{Klint19,
  author = {Klint, Paul and van der Storm, Tijs and Vinju, Jurgen},
  title = {{Rascal, 10 Years Later}},
  booktitle = {{Proceedings of the 19th International Working Conference on Source Code Analysis and Manipulation (SCAM'19)}},
  year = 2019,
  editor = {},
  pages = {139--139},
  address = {Cleveland, OH, USA},
  organization = {},
  publisher = {IEEE},
  volume = {},
  number = {},
  series = {},
  month = sep#"/"#oct,
  note = {}
}

@PHDTHESIS{Combemale15,
  author = {Combemale, Beno{\^\i}t},
  title = {{Towards Language-Oriented Modeling}},
  school = {Universit\'e de Rennes 1},
  year = 2015,
  address = {Rennes, France},
  type = {{Habilitation À Diriger Des Recherches}},
  month = dec,
  note = {}
}

@UNPUBLISHED{Degueule16,
  author = {Degueule, Thomas},
  title = {{Interoperability and Composition of DSLs with Melange}},
  note = {{ACM Student Research Competition Grand Finals}},
  year = 2016,
  month = jun
}

@BOOKLET{Rumpe21,
  title = {{MontiCore: Language Workbench and Library}},
  author = {Rumpe, Bernhard and H\"olldobler, Katrin and Kautz, Oliver},
  howpublished = {{Handbook}},
  year = 2021,
  address = {Aachen, Germany},
  month = mar,
  note = {}
}

@INPROCEEDINGS{Schultes21,
  author = {Schultes, Dominik},
  title = {{SequalsK---A Bidirectional Swift-Kotlin-Transpiler}},
  booktitle = {{Proceedings of the 8th International Conference on Mobile Software Engineering and Systems (MobileSoft'21)}},
  year = 2021,
  editor = {Abreu, Rui and Fazzini, Mattia},
  pages = {73--83},
  address = {Madrid, Spain},
  organization = {},
  publisher = {IEEE},
  volume = {},
  number = {},
  series = {},
  month = may,
  note = {}
}

@ARTICLE{Rose14,
  author = {Rose, Louis M. and Kolovos, Dimitrios and Paige, Richard F. and Polack, Fiona A. C. and Poulding, Simon},
  title = {{Epsilon Flock: A Model Migration Language}},
  journal = {{Software and Systems Modeling}},
  publisher = {Springer},
  year = 2014,
  volume = 13,
  number = 2,
  pages = {735--755},
  month = may,
  note = {}
}

@INPROCEEDINGS{Rose10,
  author = {Rose, Louis M. and Kolovos, Dimitrios S. and Paige, Richard F. and Polack, Fiona A. C.},
  title = {{Model Migration with Epsilon Flock}},
  booktitle = {{Proceedings of the 3rd International Conference on Theory and Practice of Model Transformations (ICMT'10)}},
  year = 2010,
  editor = {Tratt, Laurence and Gogolla, Martin},
  pages = {184--198},
  address = {Mal\'aga, Spain},
  organization = {},
  publisher = {Springer},
  volume = {},
  number = {},
  series = {Lecture Notes in Computer Science 6142},
  month = jun,
  note = {}
}

@ARTICLE{Strekelj15,
  author={\v{S}trekelj, Domagoj and Leventi\'c, Hrvoje and Gali\'c, Irena},
  title = {{Performance Overhead of Haxe Programming Language for Cross-Platform Game Development}},
  journal = {{International Journal of Electrical and Computer Engineering Systems}},
  publisher = {Josip Juraj Strossmayer University of Osijek},
  year = 2015,
  volume = 6,
  number = 1,
  pages = {9--13},
  month = {},
  note = {}
}

@INPROCEEDINGS{Schmitt14,
  author = {Schmitt, Christian and Kuckuk, Sebastian and Hannig, Frank and K\"ostler, Harald and Teich, J\"urgen},
  title = {{ExaSlang: A Domain-Specific Language for Highly Scalable Multigrid Solvers}},
  booktitle = {{Proceedings of the 4th Workshop on Domain-Specific Languages and High-Level Frameworks for High Performance Computing (WOLF-HPC'14)}},
  year = 2014,
  editor = {Krishnamoorthy, Sriram and Ramanujam, J. and Sadayappan, P.},
  pages = {42--51},
  address = {New Orleans, LA, USA},
  organization = {},
  publisher = {IEEE},
  volume = {},
  number = {},
  series = {},
  month = nov,
  note = {}
}

@INPROCEEDINGS{Heim16,
  author = {Heim, Robert and Mir Seyed Nazari, Pedram and Rumpe, Bernhard and Wortmann, Andreas},
  title = {{Compositional Language Engineering Using Generated, Extensible, Static Type-Safe Visitors}},
  booktitle = {{Proceedings of the 12th European Conference on Modelling Foundations and Applications (ECMFA'16)}},
  year = 2016,
  editor = {W{\k{a}}sowski, Andrzej and L{\"o}nn, Henrik},
  pages = {67--92},
  address = {Vienna, Austria},
  organization = {},
  publisher = {Springer},
  volume = {},
  number = {},
  series = {LEcture Notes in Computer Science 9764},
  month = jul,
  note = {}
}

@BOOK{Campagne14,
  author = {Campagne, Fabien},
  editor = {},
  title = {{The MPS Language Workbench}},
  publisher = {CreateSpace Independent Publishing},
  year = 2016,
  address = {},
  edition = {},
  volume = 1,
  number = {},
  series = {},
  month = jun,
  note = {}
}

@INPROCEEDINGS{Bryant15,
  author = {Bryant, Barret and J\'ez\'equel, Jean-Marc and L\"ammel, Ralf and Mernik, Marjan and Schindler, Martin and Steinmann, Friedrich and Tolvanen, Juha-Pekka and Vallecillo, Antonio and V\"olter, Markus},
  title = {{Globalized Domain Specific Language Engineering}},
  booktitle = {{Globalizing Domain-Specific Languages}},
  year = 2015,
  editor = {Combemale, Beno{\^\i}t and Cheng, Betty H.C. and France, Robert B. and J\'ez\'equel, Jean-Marc and Rumpe, Bernhard},
  pages = {43--69},
  address = {},
  organization = {},
  publisher = {Springer},
  volume = {},
  number = {},
  series = {Lecture Notes in Computer Science 9400},
  month = nov,
  note = {}
}

@INPROCEEDINGS{Lammel03,
  author = {L\"ammel, Ralf},
  title = {{Adding Superimposition to a Language Semantics}},
  booktitle = {{Proceedings of the 2nd Internationsl Workshop on Foundations of Aspect-Oriented Languages (FOAL'03)}},
  year = 2003,
  editor = {Leavens, Gary T. and Clifton, Curtis},
  pages = {65--70},
  address = {Boston, MA, USA},
  organization = {},
  publisher = {},
  volume = {},
  number = {},
  series = {},
  month = mar,
  note = {}
}

