@INPROCEEDINGS{Galoppo05,
  author = {Galoppo, Nico and Govindaraju, Naga K. and Henson, Michael and Manocha, Dinesh},
  title = {{LU-GPU: Efficient Algorithms for Solving Dense Linear Systems on Graphics Hardware}},
  booktitle = {{Proceedings of the 2005 ACM/IEEE conference on Supercomputing (SC'05)}},
  year = 2005,
  editor = {Kramer, William},
  pages = {},
  address = {Seattle, WA, USA},
  organization = {},
  publisher = {ACM/IEEE},
  volume = {},
  number = {},
  series = {},
  month = nov,
  note = {}
}

@ARTICLE{Klockner12,
  author = {Kl\"ockner, Andreas and Pinto, Nicolas and Lee, Yunsup and Catanzaro, Bryan and Ivanov, Paul and Fasih, Ahmed},
  title = {{PyCUDA and PyOpenCL: A Scripting-Based Approach to GPU Run-Time Code Generation}},
  journal = {{Journal of Parallel Computing}},
  publisher = {Elsevier},
  year = 2012,
  volume = 38,
  number = 3,
  pages = {157--174},
  month = mar,
  note = {}
}

@INPROCEEDINGS{Gaster13,
  author = {Gaster, Benedict R. and Howes, Lee},
  title = {{OpenCL C++}},
  booktitle = {{Proceedings of the 6th Workshop on General Purpose Processor Using Graphics Processing Units (GPGPU'13)}},
  year = 2013,
  editor = {Cavazos, John and Gong, Xiang and Kaeli, David},
  pages = {86--95},
  address = {Houston, TX, USA},
  organization = {},
  publisher = {ACM},
  volume = {},
  number = {},
  series = {},
  month = mar,
  note = {}
}

@BOOK{Sellers17,
  author = {Sellers, Graham},
  editor = {},
  title = {{Vulkan Programming Guide}},
  publisher = {Addison-Wesley},
  year = 2017,
  address = {},
  edition = {},
  volume = {},
  number = {},
  series = {},
  month = {},
  note = {}
}

@INPROCEEDINGS{Lujan19,
  author = {Lujan, Michael and Baum, Michael and Chen, Dayuan and Zong, Ziliang},
  title = {{Evaluating the Performance and Energy Efficiency of OpenGL and Vulkan on a Graphics Rendering Server}},
  booktitle = {{Proceedings of the International Conference on Computing, Networking and Communications (ICNC'19)}},
  year = 2019,
  editor = {Wang, Chonggang and Zanella, Andrea},
  pages = {777--781},
  address = {Honolulu, HI, USA},
  organization = {},
  publisher = {IEEE},
  volume = {},
  number = {},
  series = {},
  month = feb,
  note = {}
}

@INPROCEEDINGS{Holk13,
  author = {Holk, Eric and Pathirage, Milinda and Chauhan, Arun and Lumsdaine, Andrew and Matsakis, Nicholas D.},
  title = {{GPU Programming in Rust: Implementing High-level Abstractions in a Systems-level Language}},
  booktitle = {{Proceedings of the 27th International Symposium on Parallel and Distributed Processing, Workshops and Phd Forum (IPDPSW'13)}},
  year = 2013,
  editor = {\s{C}ataly\"urek, \"Umit},
  pages = {315--324},
  address = {Cambridge, MA, USA},
  organization = {},
  publisher = {IEEE},
  volume = {},
  number = {},
  series = {},
  month = may,
  note = {}
}

@INPROCEEDINGS{Che09,
  author = {Che, Shuai and Boyer, Michael and Meng, Jianyuan and Tarjan, David and Sheaffer, Jeremy W. and Lee Sang-Ha and Skadron, Kevin},
  title = {{Rodinia: A Benchmark Suite for Heterogeneous Computing}},
  booktitle = {{Proceedings of the International Symposium on Workload Characterization (IISWC'09)}},
  year = 2009,
  editor = {Conte, Tom},
  pages = {44--54},
  address = {Austin, TX, USA},
  organization = {},
  publisher = {IEEE},
  volume = {},
  number = {},
  series = {},
  month = oct,
  note = {}
}

@INPROCEEDINGS{Kirk07,
  author = {Kirk, David},
  title = {{NVIDIA CUDA Software and GPU Parallel Computing Architecture}},
  booktitle = {{Proceedings of the 6th International Symposium on Memory Management (ISMM'07)}},
  year = 2007,
  editor = {Sagly, Mooly},
  pages = {103-104},
  address = {Montr\'eal, Canada},
  organization = {},
  publisher = {ACM},
  volume = {},
  number = {},
  series = {},
  month = oct,
  note = {}
}

@INPROCEEDINGS{Munshi09,
  author = {Munshi, Aaftab},
  title = {{The OpenCL Specification}},
  booktitle = {{Proceedings of the 21st IEEE Hot Chips Symposium (HCS'09)}},
  year = 2009,
  editor = {},
  pages = {1--314},
  address = {Stanford, CA, USA},
  organization = {},
  publisher = {IEEE},
  volume = {},
  number = {},
  series = {},
  month = aug,
  note = {}
}

@INPROCEEDINGS{Martinez11,
  author = {Martinez, Gabriel and Gardner, Mark and Feng, Wu-Chun},
  title = {{CU2CL: A CUDA-to-OpenCL Translator for Multi- and Many-Core Architectures}},
  booktitle = {{Proceedings of the 17th International Conference on Parallel and Distributed Systems (PADS'11)}},
  year = 2011,
  editor = {Cheng, Sheng-Tzong and Liu, Yunhao},
  pages = {300--307},
  address = {Tainan, Taiwan},
  organization = {},
  publisher = {IEEE},
  volume = {},
  number = {},
  series = {},
  month = dec,
  note = {}
}

@INPROCEEDINGS{Noaje11,
  author = {Noaje, Gabriel and Jaillet, Christophe and Krajecki, Michael},
  title = {{Source-to-Source Code Translator: OpenMP C to CUDA}},
  booktitle = {{Proceedings of the IEEE International Conference on High Performance Computing and Communications (HPCC'11)}},
  year = 2011,
  editor = {Thulasiraman, Parimala and Clay, Robert L. and Quinlan, Daniel J.},
  pages = {512--519},
  address = {Banff, AB, Canada},
  organization = {},
  publisher = {IEEE},
  volume = {},
  number = {},
  series = {},
  month = sep,
  note = {}
}

@INCOLLECTION{Zhou15,
  author = {Zhou, Huiyang},
  title = {{SIMT Architecture}},
  booktitle = {{Fundamentals of Parallel Multicore Architecture}},
  publisher = {CRC Press},
  year = 2015,
  chapter = 12,
  pages = {409--426},
  address = {},
  editor = {Solihin, Yan},
  volume = {},
  number = {},
  series = {},
  type = {},
  edition = {first},
  month = nov,
  note = {}
}

@BOOK{Soyata20,
  author = {Soyata, Tolga},
  editor = {},
  title = {{GPU Parallel Program Development Using CUDA}},
  publisher = {CRC Press},
  year = 2020,
  address = {},
  edition = {},
  volume = {},
  number = {},
  series = {},
  month = jun,
  note = {}
}

@BOOK{Sellers16,
  author = {Sllers, Graham and Kessenich, John},
  editor = {},
  title = {{Vulkan\texttrademark{} Programming Guide: The Official Guide to Learning Vulkan (OpenGL)}},
  publisher = {Addison-Wesley},
  year = 2016,
  address = {},
  edition = {},
  volume = {},
  number = {},
  series = {},
  month = oct,
  note = {}
}

@TECHREPORT{Kessenich21,
  author = {Kessenich, John and Ouriel, Boaz and Krisch, Raun},
  title = {{SPIR-V Specification}},
  institution = {Khronos Group},
  year = 2021,
  type = {},
  number = {},
  address = {},
  month = dec,
  note = {}
}

@INPROCEEDINGS{Krzikalla11,
  author = {Krzikalla, Olaf and Feldhoff, Kim and M\"uller-Pfefferkorn, Ralph and Nagel, Wolfgang E.},
  title = {{Scout: A Source-to-Source Transformator for SIMD-Optimizations}},
  booktitle = {{Proceedings of the Parallel Processing Workshops (Euro-Par'11)}},
  year = 2011,
  editor = {},
  pages = {137--145},
  address = {Bordeaux, France},
  organization = {},
  publisher = {Springer},
  volume = {},
  number = {},
  series = {Lecture Notes in Computer Science 7165},
  month = aug,
  note = {}
}

@INPROCEEDINGS{Tabuchi13,
  author = {Tabuchi, Akihiro and Nakao, Masahiro and Sato, Mitsuhisa},
  title = {{A Source-to-Source OpenACC Compiler for CUDA}},
  booktitle = {{Proceedings of the Parallel Processing Workshops (Euro-Par'13)}},
  year = 2013,
  editor = {},
  pages = {178--187},
  address = {Aachen, Germany},
  organization = {},
  publisher = {Springer},
  volume = {},
  number = {},
  series = {Lecture Notes in Computer Science 8374},
  month = aug,
  note = {}
}

@INPROCEEDINGS{Lidman12,
  author = {Lidman, Jacob and Quinlan, Daniel J. and Liao, Chunhua and McKee, Sally A.},
  title = {{ROSE::FTTransform---A Source-to-Source Translation Framework for Exascale Fault-Tolerance Research}},
  booktitle = {{Proceedings of the IEEE/IFIP International Conference on Dependable Systems and Networks Workshops (DSN'12)}},
  year = 2012,
  editor = {Mendelson, Avi and van Moorsel, Aad and Steininger, Andreas},
  pages = {1--6},
  address = {Boston, MA, USA},
  organization = {},
  publisher = {IEEE},
  volume = {},
  number = {},
  series = {},
  month = jun,
  note = {}
}

@INPROCEEDINGS{Liao10,
  author = {Liao, Chunhua and Quinlan, Daniel J. and Panas, Thomas and de Supinski, Bronis R.},
  title = {{A ROSE-Based OpenMP 3.0 Research Compiler Supporting Multiple Runtime Libraries}},
  booktitle = {{Proceedings of the 6th International Workshop on OpenMP (IWOMP'10)}},
  year = 2010,
  editor = {Sato, Mitsuhisa and Hanawa, Toshihiro and M\"uller, Matthias S. and Chapman, Barbara M. and Supinski, Bronis R.},
  pages = {15--28},
  address = {Tsukuba, Japan},
  organization = {},
  publisher = {Springer},
  volume = {},
  number = {},
  series = {Lecture Notes in Computer Science 6132},
  month = jun,
  note = {}
}

@TECHREPORT{Baley95,
  author = {Bailey, David and Harris, Tim and Saphir, William and van der Wijngaart. Rob and Woo, Alex and Yarrow, Maurice},
  title = {{The NAS Parallel Benchmarks 2.0}},
  institution = {NASA Ames Research Center},
  year = 1995,
  type = {Tecnical Report},
  number = {NAS-95-020},
  address = {Moffett Field, CA, USA},
  month = dec,
  note = {}
}

@INPROCEEDINGS{Golin14,
  author = {Golin, Renato},
  title = {{Auto-Vectorization in LLVM: Past, Present and Future}},
  booktitle = {{Proceedings of the 15th Free and Open Source Developers' European Meeting (FOSDEM'14)}},
  year = 2014,
  editor = {},
  pages = {},
  address = {Brussels, Belgium},
  organization = {},
  publisher = {},
  volume = {},
  number = {},
  series = {},
  month = feb,
  note = {}
}

@INPROCEEDINGS{Guthaus01,
  author = {Guthaus, Matthew R. and Ringenberg, Jeffrey S. and Ernst, Dan and Austin, Todd M. and Mudge, Trevor and Brown, Richard B.},
  title = {{MiBench: A Free, Commercially Representative Embedded Benchmark Suite}},
  booktitle = {{Proceedings of the 4th Annual IEEE International Workshop on Workload Characterization (WWC'01)}},
  year = 2001,
  editor = {},
  pages = {3--14},
  address = {Austin, TX, USA},
  organization = {},
  publisher = {IEEE},
  volume = {},
  number = {},
  series = {},
  month = dec,
  note = {}
}

@TECHREPORT{Lomont11,
  author = {Lomont, Chris},
  title = {{Introduction to Intel\textsuperscript{\textregistered}} Advanced Vector Extensions},
  institution = {Intel},
  year = 2011,
  type = {White Paper},
  number = {},
  address = {},
  month = may,
  note = {}
}

@INPROCEEDINGS{Maleki11,
  author = {Maleki, Saeed and Gao, Yaoqing and Garzar\'am, Mar{\'\i}a J. and Wong, Tommy and Padua, David A.},
  title = {{An Evaluation of Vectorizing Compilers}},
  booktitle = {{Proceedings of the 20th International Conference on Parallel Architectures and Compilation Techniques (PACT'11)}},
  year = 2011,
  editor = {Sarkar, Vivek},
  pages = {372--382},
  address = {Galveston, TX, USA},
  organization = {},
  publisher = {IEEE},
  volume = {},
  number = {},
  series = {},
  month = oct,
  note = {}
}

@INPROCEEDINGS{Nuzman06,
  author = {Nuzman, Dorit and Rosen, Ira and Zaks, Ayal},
  title = {{Auto-Vectorization of Interleaved Data for SIMD}},
  booktitle = {{Proceedings of the 27th ACM SIGPLAN Conference on Programming Language Design and Implementation (PLDI'06)}},
  year = 2006,
  editor = {Ball, Thomas},
  pages = {132--143},
  address = {Ottawa, Canada},
  organization = {},
  publisher = {ACM},
  volume = {},
  number = {},
  series = {},
  month = jun,
  note = {}
}

@INPROCEEDINGS{Nuzman06b,
  author = {Nuzman, Dorit and Henderson, Richard},
  title = {{Multi-Platform Auto-Vectorization}},
  booktitle = {{Proceedings of the 4th International Symposium on Code Generation and Optimization (CGO'06)}},
  year = 2006,
  editor = {Conte, Tom},
  pages = {294--304},
  address = {New York, NY, USA},
  organization = {},
  publisher = {IEEE},
  volume = {},
  number = {},
  series = {},
  month = mar,
  note = {}
}

@INPROCEEDINGS{Nuzman08,
  author = {Nuzman, Dorit and Zaks, Ayal},
  title = {{Outer-Loop Vectorization: Revised for Short SIMD Architectures}},
  booktitle = {{Proceedings of the 17th International Conference on Parallel Architectures and Compilation Techniques (PACT'08)}},
  year = 2008,
  editor = {Tarditi, David and Olukotun, Kunle},
  pages = {2--11},
  address = {Toronto, Canada},
  organization = {},
  publisher = {ACM},
  volume = {},
  number = {},
  series = {},
  month = oct,
  note = {}
}

@INPROCEEDINGS{Ragan-Kelley13,
  author = {Ragan-Kelley, Jonathan and Barnes, Connelly and Adams, Andrew and Paris, Sylvain and Durand, Fr\'edo},
  title = {{Halide: A Language and Compiler for Optimizing Parallelism, Locality, and Recomputation in Image Processing Pipelines}},
  booktitle = {{Proceedings of the 34th Conference on Programming Language Design and Implementation (PLDI'13)}},
  year = 2013,
  editor = {Flanagan, Cormac},
  pages = {519--530},
  address = {Seattle, WA, USA},
  organization = {},
  publisher = {ACM},
  volume = {},
  number = {},
  series = {},
  month = jun,
  note = {}
}

@INPROCEEDINGS{Shin07,
  author = {Shin, Jaewook},
  title = {{Introducing Control Flow into Vectorized Code}},
  booktitle = {{Proceedings of the 16th International Conference on Parallel Architecture and Compilation Techniques (PACT'07)}},
  year = 2007,
  editor = {Rauchwerger, Lawrence},
  pages = {280--291},
  address = {Brasov, Romania},
  organization = {},
  publisher = {IEEE},
  volume = {},
  number = {},
  series = {},
  month = sep,
  note = {}
}

@INPROCEEDINGS{Simburger14,
  author = {Simb\"urger, Andreas and Gr\"o{\ss}linger, Armin},
  title = {{On the Variety of Static Control Parts in Real-World Programs: from Affine via Multi-Dimensional to Polynomial and Just-in-Time}},
  booktitle = {{Proceedings of the 4th International Workshop on Polyhedral Compilation Techniques (IMPACT'14)}},
  year = 2014,
  editor = {Rajopadhye, Sanjay and Verdoolaege, Sven},
  pages = {},
  address = {Vienna, Austria},
  organization = {},
  publisher = {},
  volume = {},
  number = {},
  series = {},
  month = jan,
  note = {}
}

@INPROCEEDINGS{Trifunovic09,
  author = {Trifunovic, Konrad and Nuzman, Dorit and Cohen, Albert and Zaks, Ayal and Rosen, Ira},
  title = {{Polyhedral-Model Guided Loop-Nest Auto-Vectorization}},
  booktitle = {{Proceedings of the 18th International Conference on Parallel Architectures and Compilation Techniquest (PACT'09)}},
  year = 2009,
  editor = {de Supinski, Bronis R. and Mueller, Frank},
  pages = {327--337},
  address = {Raleigh, NC, USA},
  organization = {},
  publisher = {IEEE},
  volume = {},
  number = {},
  series = {},
  month = sep,
  note = {}
}

@ARTICLE{DeWael15,
  author = {De Wael, Mattias and Marr, Stefan and De Fraine, Bruno and Van Cutsem, Tom and De Meuter, Wolfang},
  title = {{Partitioned Global Address Space Languages}},
  journal = {{ACM Computing Surveys}},
  publisher = {ACM},
  year = 2015,
  volume = 47,
  number = 4,
  pages = {62:1--62:27},
  month = may,
  note = {}
}

