@INPROCEEDINGS{Backhouse02,
  author = {Backhouse, Kevin},
  title = {{A Functional Semantics of Attribute Grammars}},
  booktitle = {{Proceedings of the 8th International Conference on Tools and Algorithms for the Construction and Analysis of Systems (TACAS'02)}},
  year = 2002,
  editor = {Katoen, Joost-Pieter and Stevens, Perdita},
  pages = {142--157},
  address = {Grenoble, France},
  organization = {},
  publisher = {},
  volume = {},
  number = {},
  series = {},
  month = apr,
  note = {}
}

@INPROCEEDINGS{Vogt89,
  author = {Vogt, Harald H. and Swierstra, S. Doaitse and Kuiper, Matthijs F.},
  title = {{Higher Order Attribute Grammars}},
  booktitle = {{Proceedings of the Conference on Programming Language Design and Implementation (PLDI'89)}},
  year = 1989,
  editor = {Wexelblat, Richard L.},
  pages = {131--145},
  address = {Portland, OR, USA},
  organization = {},
  publisher = {},
  volume = {},
  number = {},
  series = {},
  month = jun,
  note = {}
}

@ARTICLE{Wu10,
  author = {Wu, Xiaoqing and Bryant, Barrett, R. and Gray, Jeff and Mernik, Marjan},
  title = {{Component-Based LR Parsing}},
  journal = {{Computer Languages, Systems \& Structures}},
  year = 2010,
  volume = 36,
  number = 1,
  pages = {16--36},
  month = apr,
  note = {}
}

@INPROCEEDINGS{Jullig84,
  author = {Jullig, Richard K. and de Remer, Frank},
  title = {{Regular Right-Part Attribute Grammars}},
  booktitle = {{Proceedings of the 1984 SIGPLAN Symposium on Compiler Construction (CC'84)}},
  year = 1984,
  editor = {van Deusen, Mary and Graham, Susan L.},
  pages = {171--178},
  address = {Montreal, Canada},
  organization = {},
  publisher = {ACM},
  volume = {},
  number = {},
  series = {},
  month = jun,
  note = {}
}

@INPROCEEDINGS{Kaminski12,
  author = {Kaminski, Ted and Van Wyk, Eric},
  title = {{Modular Well-Definedness Analysis for Attribute Grammars}},
  booktitle = {{Proceedings of the 5th International Conference on Software Language Engineering (SLE'13)}},
  year = 2013,
  editor = {Czarnecki, Krzysztof and Hedin, G\"orel},
  pages = {352--371},
  address = {Dresden, Germany},
  organization = {},
  publisher = {Springer},
  volume = {},
  number = {},
  series = {Lecture Notes in Computer Science 7745},
  month = sep,
  note = {}
}

@ARTICLE{Engelfriet82,
  author = {Engelfriet, Joost and Fil\'e, Gilberto},
  title = {{Simple Multi-Visit Attribute Grammars}},
  journal = {{Journal of Computer and System Sciences}},
  publisher = {Elsevier},
  year = 1983,
  volume = 24,
  number = 3,
  pages = {283--314},
  month = jun,
  note = {}
}

@ARTICLE{Yang02,
  author = {Yang, Wuu},
  title = {{A Classification of Noncircular Attribute Grammars Based on the Look-Ahead Behavior}},
  journal = ieeese,
  publisher = {IEEE},
  year = 2002,
  volume = 28,
  number = 3,
  pages = {210--227},
  month = mar,
  note = {}
}

@ARTICLE{VanWyk07c,
  author = {Van Wyk, Eric},
  title = {{Implementing Aspect-Oriented Programming Constructs as Modular Language Extensions}},
  journal = {{Science of Computer Programming}},
  year = 2007,
  volume = 68,
  number = 1,
  pages = {38--61},
  month = aug,
  note = {}
}

@INPROCEEDINGS{Farrow92,
  author = {Farrow, Rodney and Marlowe, Thomas J. and Yellin, Daniel M.},
  title = {{Composable Attribute Grammars: Support for Modularity in Translator Design and Implementation}},
  booktitle = {{Proceedings of the 19th ACM Symposium on Principles of Programming Languages (POPL'92)}},
  year = 1992,
  editor = {Sethi, Ravi},
  pages = {223--234},
  address = {Albuquerque, NM, USA},
  organization = {},
  publisher = {ACM},
  volume = {},
  number = {},
  series = {},
  month = jan,
  note = {}
}

@PHDTHESIS{Adams91,
  author = {Adams, Stephen Robert},
  title = {{Modular Grammars for Programming Language Prototyping}},
  school = {University of Southampton},
  year = 1991,
  address = {Southampton, UK},
  type = {Ph.D. Thesis},
  month = {},
  note = {}
}

@ARTICLE{Paakki95,
  author = {Paakki, Jukka},
  title = {{Attribute Grammar Paradigms: A High-Level Methodology in Language Implementation}},
  journal = {{ACM Computer Survey}},
  publisher = {ACM},
  year = 1995,
  volume = 27,
  number = 2,
  pages = {196--255},
  month = jun,
  note = {}
}

@INPROCEEDINGS{Saraiva00,
  author = {Saraiva, Jo{\~a}o and Swierstra, S. Doaitse and Kuiper, Matthijs},
  title = {{Functional Incremental Attribute Evaluation}},
  booktitle = {{Proceedings of the 9th International Conference on Compiler Construction (CC'00)}},
  year = 2000,
  editor = {Watt, David A.},
  pages = {279--294},
  address = {Berlin, Germany},
  organization = {},
  publisher = {Springer},
  volume = {},
  number = {},
  series = {Lecture Notes in Computer Science 1781},
  month = mar,
  note = {}
}

@INPROCEEDINGS{VanWyk02,
  author = {Van Wyk, Eric and de Moor, Oege and Backhouse, Kevin and Kwiatkowski, Paul},
  title = {{Forwarding in Attribute Grammars for Modular Language Design}},
  booktitle = {{Proceedings of the 11th International Conference on Compiler Construction (CC'02)}},
  year = 2002,
  editor = {Horspool, R. Nigel},
  pages = {128--142},
  address = {Grenoble, France},
  organization = {},
  publisher = {Springer},
  volume = {},
  number = {},
  series = {LNCS 2304},
  month = apr,
  note = {}
}

@TECHREPORT{Johnson75,
  author = {Johnson, Stephen C.},
  title = {{YACC: Yet Another Compiler-Compiler}},
  institution = {{Bell Laboratories}},
  year = 1975,
  type = {Technical Report},
  number = {CS-TR-32},
  address = {Hill, NJ, USA},
  month = jul,
  note = {}
}

@BOOK{Levine92,
  author = {Levine, John R. and Mason, Tony and Brown, Doug},
  editor = {},
  title = {{Lex \& Yacc}},
  publisher = {{O'Reilly and Associates, Inc.}},
  year = 1992,
  address = {},
  edition = {2nd},
  volume = {},
  number = {},
  series = {},
  month = oct,
  note = {}
}


@ARTICLE{VanWyk10,
  author = {Van Wyk, Eric and Bodin, Derek and Gao, Jimin and Krishnan, Lijesh},
  title = {{Silver: an Extensible Attribute Grammar System}},
  journal = {{Science of Computer Programming}},
  year = 2010,
  volume = 75,
  number = 1#"-"#2,
  pages = {39--54},
  publisher = {Elsevier},
  month = jan,
  note = {}
}

@ARTICLE{VanWyk08,
  author = {Van Wyk, Eric and Bodin, Derek and Gao, Jimin and Krishnan, Lijesh},
  title = {{Silver: an Extensible Attribute Grammar System}},
  journal = {Electronic Notes on Theoretical Computer Science},
  year = 2008,
  volume = 203,
  number = 2,
  pages = {103--116},
  publisher = {Elsevier},
  month = apr,
  note = {}
}

@INPROCEEDINGS{Parr11,
  author = {Parr, Terence and Fisher, Kathleen},
  title = {{LL(*): The Foundation of the ANTLR Parser Generator}},
  booktitle = {{Proceedings of the 32nd ACM SIGPLAN Conference on Programming Language Design and Implementation (PLDI'11)}},
  year = 2011,
  editor = {Padua, David},
  pages = {425--436},
  address = {San Jos\'e, California},
  organization = {},
  publisher = {ACM},
  volume = {},
  number = {},
  series = {},
  month = jun,
  note = {}
}


@INPROCEEDINGS{Wurthinger12,
  author = {W\"urthinger, Thomas and W\"o\ss, Andreas and Stadler, Lukas and Duboscq, Gilles and Simon, Doug and Wimmer, Christian},
  title = {{Self-Optimizing AST Interpreters}},
  booktitle = {{Proceedings of the 8th Symposium on Dynamic languages (DSL'12)}},
  year = 2012,
  editor = {Warth, Alessandro},
  pages = {73-82},
  address = {Tucson, AZ, USA},
  organization = {ACM},
  publisher = {},
  volume = {},
  number = {},
  series = {},
  month = oct,
  note = {}
}

@ARTICLE{Bovet08,
  author = {Bovet, Jean and Parr, Terrence J.},
  title = {{ANTLRWorks: an ANTLR Grammar Development Environment}},
  journal = {Software---Practice and Experience},
  year = 2008,
  volume = 38,
  number = 12,
  pages = {1305--1332},
  month = oct,
  note = {},
  publisher = {{Wiley}}
}

@TECHREPORT{Cardelli94,
  author = {Cardelli, Luca and Matthes, Florian and Abadi, Martin},
  title = {{Extensible Syntax with Lexical Scoping}},
  institution = {DEC Systems Research Center},
  year = 1994,
  type = {Technical Report},
  number = {SRC-RR-121},
  address = {Palo Alto, CA, USA.},
  month = feb,
  note = {}
}

@INPROCEEDINGS{Carmi02,
  author = {Carmi, Adam},
  title = {{Adapser: An LALR(1) Adaptive Parser}},
  booktitle = {{Proceedings of the Israeli Workshop on Programming Languages \& Development Environments}},
  year = 2002,
  editor = {},
  pages = {},
  address = {Haifa, Israel},
  organization = {},
  publisher = {},
  volume = {},
  number = {},
  series = {},
  month = jul,
  note = {}
}

@ARTICLE{Hutton92,
  author = {Hutton, Graham},
  title = {{High-Order Functions for Parsing}},
  journal = {{Journal of Functional Programming}},
  year = 1992,
  volume = 2,
  number = 3,
  pages = {323-343},
  month = {},
  note = {}
}

@ARTICLE{Swierstra00,
  author = {Swierstra, S. Doaitse},
  title = {{Combinator Parsers: From Toys to Tools}},
  journal = {Electronic Notes in Theoretical Computer Science},
  publisher = {Elsevier Science Publisher},
  year = 2000,
  volume = 41,
  number = 1,
  pages = {38-59},
  month = jan,
  note = {}
}

@TECHREPORT{Leijen01,
  author = {Leijen, Daan J. P. and Meijer, Erik},
  title = {{Parsec: Direct Style Monadic Parser Combinators for the Real World}},
  institution = {Department of Information and Computing Sciences, Utrecht University},
  year = 2001,
  type = {Technical Report},
  number = {UU-CS-2001-35},
  address = {Utrecht, The Netherlands},
  month = {},
  note = {}
}

@MASTERSTHESIS{VanGijzel09,
  author = {van Gijzel, Bas},
  title = {{Comparing Parser Construction Techniques}},
  school = {University of Twente},
  year = 2009,
  address = {Twente, The Netherlands},
  type = {Master Thesis},
  month = {},
  note = {}
}

@BOOK{Hopcroft07,
  author = {Hopcroft, John E. and Motwani, Rajeev and Ullman, Jeffrey D.},
  editor = {},
  title = {{Introduction to Automata Theory, Languages, and Computation}},
  publisher = {Prentice Hall},
  year = 2007,
  address = {},
  edition = {third},
  volume = {},
  number = {},
  series = {},
  month = {},
  note = {}
}

@INPROCEEDINGS{Knuth90,
  author = {Knuth, Donald E.},
  title = {{The Genesis of Attribute Grammars}},
  booktitle = {{Proceedings of the International Conference on Attribute Grammars and Their Applications (WAGA'90)}},
  year = 1990,
  editor = {Deransart, Pierre and Jourdan, Martin},
  pages = {1--12},
  address = {Paris, France},
  organization = {},
  publisher = {Springer},
  volume = {},
  number = {},
  series = {Lecture Notes in Computer Science 461},
  month = sep,
  note = {}
}

@ARTICLE{Knuth65,
  author = {Knuth, Donald E.},
  title = {{On the Translation of Languages from Left to Right}},
  journal = {{Information and Control}},
  year = 1965,
  volume = 8,
  number = 6,
  pages = {607-639},
  month = dec,
  note = {}
}

@ARTICLE{Knuth68,
  author = {Knuth, Donald E.},
  title = {{Semantics of Context-Free Languages}},
  journal = {{Mathematical Systems Theory}},
  year = 1968,
  volume = 2,
  number = 2,
  pages = {127-145},
  month = {},
  note = {}
}

@ARTICLE{DeRemer71,
  author = {DeRemer, Frank L.},
  title = {{Simple LR(k) Grammars}},
  journal = cacm,
  year = 1971,
  volume = 14,
  number = 7,
  pages = {453-460},
  month = jul,
  note = {}
}

@INPROCEEDINGS{Pennello86,
  author = {Pennello, Thomas J.},
  title = {{Very Fast LR Parsing}},
  booktitle = {{Proceedings of the 1986 SIGPLAN Symposium on Compiler Construction (CC'86)}},
  year = 1986,
  editor = {},
  pages = {145-151},
  address = {Palo Alto, CA, USA},
  organization = {},
  publisher = {ACM},
  volume = {},
  number = {},
  series = {},
  month = jun,
  note = {}
}

@ARTICLE{Roberts88,
  author = {Roberts, George H.},
  title = {{Recursive Ascent: an LR Analog to Recursive Descent}},
  journal = {{ACM Sigplan Notices}},
  year = 1988,
  volume = 23,
  number = 8,
  pages = {23-29},
  month = aug,
  note = {}
}

@ARTICLE{Morell03,
  author = {Morell, Larry and Middleton, David},
  title = {{Recursive-Ascent Parsing}},
  journal = {{Journal of Computing Sciences in Colleges}},
  year = 2003,
  volume = 18,
  number = 6,
  pages = {186-201},
  month = jun,
  note = {}
}

@INPROCEEDINGS{VanWyk07,
  author = {Van Wyk, Eric and Schwerdfeger, August},
  title = {{Context-Aware Scanning for Parsing Extensible Languages}},
  booktitle = {{Proceedings of the 6th International Conference on Generative Programming and Component Engineering (GPCE'07)}},
  year = 2007,
  editor = {Consel, Charles and Lawall, Julia L.},
  pages = {63-72},
  address = {Salzburg, Austria},
  organization = {},
  publisher = {ACM},
  volume = {},
  number = {},
  series = {},
  month = oct,
  note = {}
}

@INPROCEEDINGS{Schwerdfeger09,
  author = {Schwerdfeger, August C. and Van Wyk, Eric R.},
  title = {{Verifiable Parse Table Composition for Deterministic Parsing}},
  booktitle = {Proceedings of the 2\textsuperscript{nd} International Conference on Software Language Engineering (SLE'09)},
  year = 2009,
  editor = {van den Brand, Mark G. J. and Gasevic, Dragan and Gray, Jeffrey G.},
  pages = {184-203},
  address = {Dublin, Ireland},
  organization = {},
  publisher = {Springer},
  volume = {},
  number = {},
  series = {LNCS 5969},
  month = jun,
  note = {}
}

@INPROCEEDINGS{VanWyk07b,
  author = {Van Wyk, Eric R. and Krishnan, Lijesh and Bodin, Derek and Schwerdfeger, August},
  title = {{Attribute Grammar-Based Language Extensions for Java}},
  booktitle = {{Proceedings of the 21\textsuperscript{st} European Conference on Object-Oriented Programming (ECOOP'07)}},
  year = 2007,
  editor = {Ernst, Erik},
  pages = {575-599},
  address = {Berlin, Germany},
  organization = {},
  publisher = {Springer},
  volume = {},
  number = {},
  series = {LNCS 4609},
  month = jul,
  note = {}
}

@ARTICLE{Bracha07,
  author = {Bracha, Gilad},
  title = {{Executable Grammars in Newspeak}},
  journal = {{Electronic Notes in Theoretical Computer Science}},
  year = 2007,
  volume = 193,
  number = {},
  pages = {3-18},
  month = nov,
  note = {}
}

@TECHREPORT{Moors08,
  author = {Moors, Adriaan and Piessens, Frank and Odersky, Martin},
  title = {{Parser Combinators in Scala}},
  institution = {Katholieke Universiteit Leuven},
  year = 2008,
  type = {CW Report},
  number = {491},
  address = {Leuven, Belgium},
  month = feb,
  note = {}
}

%Rats!
@TECHREPORT{Grimm04,
  author = {Grimm, Robert},
  title = {{Practical Packrat Parsing}},
  institution = {{New York University}},
  year = 2004,
  type = {Technical Report},
  number = {TR2004-854},
  address = {New York, NY, USA},
  month = {},
  note = {}
}

@ARTICLE{DeRemer82,
  author = {DeRemer, Frank and Pennello, Thomas J.},
  title = {{Efficient Computation of LALR(1) Look-Ahead Sets}},
  journal = toplas,
  year = 1982,
  volume = 4,
  number = 4,
  pages = {615-649},
  month = oct,
  note = {}
}

@ARTICLE{Bermudez89,
  author = {Bermudez, Manuel E. and logothetis, George},
  title = {{Simple Computation of LALR(1) Lookahead Sets}},
  journal = {Information Processing Letters},
  year = 1989,
  volume = 31,
  number = 5,
  pages = {233-238},
  month = jun,
  publisher = {Elsevier North-Holland, Inc.},
  note = {}
}

@ARTICLE{Cabasino92,
  author = {Cabasino, Simone and Paolucci, Pier Stanislao and Todesco, Gianmarco},
  title = {{Dynamic Parsers and Evolving Grammars}},
  journal = {{ACM Sigplan Notices}},
  year = 1992,
  volume = 27,
  number = 11,
  pages = {39-48},
  month = nov,
  note = {}
}

@ARTICLE{Brzozowski64,
  author = {Brzozowski, Janusz A.},
  title = {{Derivatives of Regular Expressions}},
  journal = cacm,
  year = 1964,
  volume = 11,
  number = 4,
  pages = {481-494},
  month = oct,
  note = {}
}

@ARTICLE{Thompson68,
  author = {Thompson, Ken},
  title = {{Programming Techniques: Regular Expression Search Algorithm}},
  journal = cacm,
  year = 1968,
  volume = 11,
  number = 6,
  pages = {419-422},
  month = jun,
  note = {}
}

@ARTICLE{Owens09,
  author = {Owens, Scott and Reppy, John and Turon, Aaron},
  title = {{Regular-Expression Derivatives Re-Examined}},
  journal = {{Journal of Functional Programming}},
  year = 2009,
  volume = 19,
  number = 2,
  pages = {173-190},
  month = mar,
  note = {}
}

@ARTICLE{Boyland10,
  author = {Boyland, John and Spiewak, Daniel},
  title = {{TOOL PAPER: ScalaBison Recursive Ascent-Descent Parser Generator}},
  journal = {{Electronic Notes in Theoretical Computer Science}},
  year = 2010,
  volume = 253,
  number = 7,
  pages = {6-74},
  month = sep,
  note = {}
}

@INPROCEEDINGS{Kats10,
  author = {Kats, Lennart C. L. and Visser, Eelco and Wachsmuth, Guido},
  title = {{Pure and Declarative Syntax Definition: Paradise Lost and Regained}},
  booktitle = {{Proceedings of ACM Conference on New Ideas in Programming and Reflections on Software (Onward! 2010)}},
  year = 2010,
  editor = {},
  pages = {},
  address = {Reno-Tahoe, Nevada, USA},
  organization = {ACM},
  publisher = {},
  volume = {},
  number = {},
  series = {},
  month = oct,
  note = {}
}

% PetitParser
@INPROCEEDINGS{Renggli10,
  author = {Renggli, Lukas and Ducasse, St\'ephane and G{\^\i}rba, Tudor and Nierstrasz, Oscar},
  title = {{Practical Dynamic Grammars for Dynamic Languages}},
  booktitle = {{Proceedings of the 4\textsuperscript{th} Workshop on Dynamic Languages and Applications (DYLA'10)}},
  year = 2010,
  editor = {},
  pages = {},
  address = {M\'alaga, Spain},
  organization = {},
  publisher = {},
  volume = {},
  number = {},
  series = {},
  month = jun,
  note = {}
}

@ARTICLE{Brabrand02b,
  author = {Brabrand, Claus and Schwartzbach, Michael I.},
  title = {{Growing Languages with Metamorphic Syntax Macros}},
  journal = {{Sigplan Notices}},
  year = 2002,
  volume = 37,
  number = 3,
  pages = {31--40},
  month = jan,
  publisher= {ACM},
  note = {}
}

@INPROCEEDINGS{Brabrand03,
  author = {Brabrand, Claus and Schwartzbach, Michael I. and Vanggaard, Mads},
  title = {{The Metafront System: Extensible Parsing and Transformation}},
  booktitle = {{Proceedings of the ETAPS 2003 Workshop on Language Descriptions, Tools and Applications (LDTA '03)}},
  year = 2003,
  editor = {},
  pages = {592-611},
  address = {Warsaw, Poland},
  organization = {},
  publisher = {Elsevier},
  volume = {},
  number = {},
  series = {Electronic Notes in Theoretical Computer Science 82(3)},
  month = dec,
  note = {}
}

@ARTICLE{Brabrand07,
  author = {Brabrand, Claus and Schwartzbach, Michael I.},
  title = {{The Metafront System: Safe and Extensible Parsing and Transformation}},
  journal = {{Science of Computer Programming}},
  year = 2007,
  volume = 68,
  number = {},
  pages = {2-20},
  month = aug,
  note = {}
}

@ARTICLE{Heering90,
  author = {Heering, Jan and Klint, Paul and Rekers, Jan},
  title = {{Incremental Generation of Parsers}},
  journal = ieeese,
  year = 1990,
  volume = 16,
  number = 12,
  pages = {1344-1351},
  month = {},
  note = {}
}

% parse table composition/metaborg/StrategoXT

@INPROCEEDINGS{Bravenboer04,
  author = {Bravenboer, Martin and Visser, Eelc},
  title = {{Concrete Syntax for Objects: Domain-Specific Language Embedding and Assimilation without Restrictions}},
  booktitle = {{Proceedings of the 19\textsuperscript{th} Annual Conference on Object-Oriented Programming, Systems, Languages, and Applications (OOPSLA'04)}},
  year = 2004,
  editor = {Vlissides, John M. and Schmidt, Douglas C.},
  pages = {365-383},
  address = {Vancouver, BC, Canada},
  organization = {},
  publisher = {ACM},
  volume = {},
  number = {},
  series = {},
  month = oct,
  note = {}
}

@INCOLLECTION{Bravenboer09,
  author = {Bravenboer, Martin and Visser, Eelco},
  title = {{Parse Table Composition: Separate Compilation and Binary Extensibility of Grammars}},
  booktitle = {{Software Language Engineering}},
  publisher = {Springer},
  year = 2009,
  chapter = {},
  pages = {74-94},
  address = {},
  editor = {},
  volume = {},
  number = {},
  series = {LNCS 5452},
  type = {},
  edition = {},
  month = {},
  note = {}
}

@INPROCEEDINGS{Bravenboer05,
  author = {Bravenboer, Martin and de Groot, Ren\'e and Visser, Eelco},
  title = {{MetaBorg in Action: Examples of Domain-Specific Language Embedding and Assimilation Using Stratego/XT}},
  booktitle = {{Generative and Transformational Techniques in Software Engineering, International Summer School (GTTSE'05)}},
  year = 2005,
  editor = {L{\"a}mmel, Ralf and Saraiva, Jo\~{a}o and Visser, Joost},
  pages = {297-311},
  address = {Braga, Portugal},
  publisher = {Springer},
  organization = {},
  volume = {},
  number = {},
  series = {LNCS 4143},
  month = jul,
  note = {}
}

@INPROCEEDINGS{Visser01,
  author = {Visser, Eelco},
  title = {{Stratego: A Language for Program Transformation Based on Rewriting Strategies}},
  booktitle = {{Proceedings of the 12th International Conference on Rewriting Techniques and Applications (RTA'01)}},
  year = 2001,
  editor = {Middeldorp, Aart},
  pages = {357--361},
  address = {Utrecht, The Netherlands},
  organization = {},
  publisher = {Springer},
  volume = {},
  number = {},
  series = {Lecture Notes in Computer Science 2051},
  month = may,
  note = {}
}

@ARTICLE{Bravenboer08,
  author = {Bravenboer, Martin and Kalleberg, Karl Trygve and Vermaas, Rob and Visser, Eelco},
  title = {{Stratego/XT 0.17. A Language and Toolset for Program Transformation}},
  journal = {{Journal Science of Computer Programming}},
  year = 2008,
  volume = 72,
  number = 1#"-"#2,
  pages = {52-70},
  publisher = {Elsevier},
  month = jun,
  note = {}
}
@ARTICLE{Bravenboer06,
  author = {Bravenboer, Martin and van Dam, Arthur and Olmos, Karina and Visser, Eelco},
  title = {{Program Transformation with Scoped Dynamic Rewrite Rules}},
  journal = {Fundamenta Informaticae},
  year = 2006,
  volume = 69,
  number = 1#"-"#2,
  pages = {123-178},
  month = jan,
  publisher = {IOS Press},
  note = {}
}

@INPROCEEDINGS{Brabrand02,
  author = {Brabrand, Claus and Schwartzbach, Michael I.},
  title = {{Growing Languages with Metamorphic Syntax Macros}},
  booktitle = {{Proceedings of the Workshop on Partial Evaluation and Semantics-Based Program Manipulation (PEPM'02)}},
  year = 2002,
  editor = {},
  pages = {31-40},
  address = {Portland, Oregon, USA},
  organization = {},
  publisher = {ACM},
  volume = {},
  number = {},
  series = {},
  month = jan,
  note = {}
}

@BOOK{CrespiReghizzi09,
  author = {Crespi Reghizzi, Stefano},
  editor = {},
  title = {{Formal Languages and Compilation}},
  publisher = {Springer},
  year = 2009,
  address = {},
  edition = {second},
  volume = {},
  number = {},
  series = {},
  month = {},
  note = {}
}

@INPROCEEDINGS{Leermakers91,
  author = {Leermakers, Ren\'e},
  title = {{Non-Deterministic Recursive Ascent Parsing}},
  booktitle = {{Proceedings of the 5\textsuperscript{th} Conference of the European Chapter of the Association for Computational Linguistics (EACL'91)}},
  year = 1991,
  editor = {},
  pages = {135-142},
  address = {Berlin, Germany},
  organization = {},
  publisher = {},
  volume = {},
  number = {},
  series = {},
  month = apr,
  note = {}
}

@ARTICLE{Leermakers92,
  author = {Leermakers, Ren\'e and Augusteijn, Lex and Kruseman Aretz, Frans E. J.},
  title = {{A functional LR Parser}},
  journal = tcs,
  year = 1992,
  volume = 104,
  number = 2,
  pages = {313-323},
  month = {},
  note = {}
}

@ARTICLE{Horspool90,
  author = {Horspool, R.~Nigel},
  title = {{Incremental Generation of LR Parsers}},
  journal = {{Journal of Computer Languages}},
  year = 1990,
  volume = 15,
  number = 4,
  pages = {205-223},
  month = {},
  note = {}
}

@ARTICLE{Horspool93,
  author = {Horspool, R. Nigel},
  title = {{Recursive Ascent-Descent Parsing}},
  journal = {{Computer Languages}},
  year = 1993,
  volume = 18,
  number = 1,
  pages = {1-15},
  month = jan,
  note = {}
}

@INPROCEEDINGS{Aycock01,
  author = {Aycock, John and Horspool, R.~Nigel},
  title = {{Directly-Executable Earley Parsing}},
  booktitle = {{Proceedings of the 10th International Conference on Compiler Construction (CC'01)}},
  year = 2001,
  editor = {Wilhelm, Reinhard},
  pages = {229-243},
  address = {Genova, Italy},
  organization = {},
  publisher = {Springer},
  volume = {},
  number = {},
  series = {LNCS 2027},
  month = apr,
  note = {}
}

@ARTICLE{Aycock02,
  author = {Aycock, John and Horspool, R.~Nigel},
  title = {{Practical Earley Parsing}},
  journal = {{The Computer Journal}},
  year = 2002,
  volume = 45,
  number = 6,
  pages = {620-630},
  month = apr,
  publisher = {{British Computer Society}},
  note = {}
}

@ARTICLE{Parr95,
  author = {Parr, Terence J. and Quong,  Russell W.},
  title = {{ANTLR: A Predicated-LL(k) Parser Generator}},
  journal = {{Software---Practice and Experience}},
  year = 1995,
  volume = 25,
  number = 7,
  pages = {789-810},
  month = jul,
  note = {}
}

@INPROCEEDINGS{Stansifer11,
  author = {Stansifer, Paul and Wand, Mitchell},
  title = {{Parsing Reflective Grammars}},
  booktitle = {{Proceedings of the 11th Workshop on Language Descriptions, Tools and Applications (LDTA'11)}},
  year = 2011,
  editor = {Brabrand, Claus and Van Wyk, Eric},
  pages = {10:1--10:7},
  address = {Saarbrucken, Germany},
  organization = {},
  publisher = {ACM},
  volume = {},
  number = {},
  series = {},
  month = mar,
  note = {}
}

@INPROCEEDINGS{Erdweg11,
  author = {Erdweg, Sebastian and Rendel, Tillmann and K\"{a}stner, Christian and Ostermann, Klaus},
  title = {{SugarJ: Library-Based Syntactic Language extensibility}},
  booktitle = {{Proceedings of the 26th ACM SIGPLAN Conference on Object-Oriented Programming (OOPSLA'11)}},
  year = 2011,
  editor = {},
  pages = {391--406},
  address = {Portland, Oregon, USA},
  organization = {},
  publisher = {ACM},
  volume = {},
  number = {},
  series = {},
  month = oct,
  note = {}
}

@BOOK{Tomita85,
  author = {Tomita, Masaru},
  editor = {},
  title = {{Efficient Parsing for Natural Language: A Fast Algorithm for Practical Systems}},
  publisher = {{Kluwer Academic Publishers}},
  year = 1985,
  address = {},
  edition = {},
  volume = {},
  number = {},
  series = {},
  month = {},
  note = {}
}

@MANUAL{Onzon12,
  title = {{\texttt{dypgen} User's Manual}},
  organization = {},
  address = {},
  author = {Onzon, Emmanuel},
  edition = {},
  month = mar,
  year = 2012,
  note = {}
}

@ARTICLE{Cervelle07,
  author = {Cervelle, Julien and Forax, R\'emi and Roussel, Gilles},
  title = {{A Simple Implementation of Grammar Libraries}},
  journal = {{Computer Science and Information Systems}},
  publisher = {ComSIS Consortium},
  year = 2007,
  volume = 4,
  number = 2,
  pages = {65--77},
  month = {},
  note = {}
}

@INPROCEEDINGS{Cervelle06,
  author = {Cervelle, Julien and Forax, R\'emi and Roussel, Gilles},
  title = {{Tatoo: An Innovative Parser Generator}},
  booktitle = {{Proceedings of the 4th International Symposium on Principles and Practice of Programming in Java (PPPJ'06)}},
  year = 2006,
  editor = {Gitzel, Ralf and Aleksy, Markus and Shader, Martin},
  pages = {13--20},
  address = {Mannheim, Germany},
  organization = {},
  publisher = {},
  volume = {},
  number = {},
  series = {},
  month = sep,
  note = {}
}

@TECHREPORT{Jonnalagedda08,
  author = {Jonnalagedda, Mahohar},
  title = {{Packrat Parsing in Scala}},
  institution = {\'Ecole Polytechnique F\'ed\'erale de Lausanne},
  year = 2008,
  type = {Semester Project Report},
  number = {},
  address = {Lausanne, Switzerland},
  month = oct,
  note = {Supervisors: Martin Odersky and Tiark Rompf}
}

@INPROCEEDINGS{Ford02,
  author = {Ford, Bryan},
  title = {{Packrat Parsing: Simple, Powerful, Lazy, Linear Time}},
  booktitle = {{Proceedings of the International Conference on Functional Programming (ICFP '02)}},
  year = 2002,
  editor = {},
  pages = {},
  address = {Pittsburgh, PA, USA},
  organization = {},
  publisher = {},
  volume = {},
  number = {},
  series = {},
  month = oct,
  note = {}
}

@INPROCEEDINGS{Ekman04,
  author = {Ekman, Torbj\"orn and Hedin, G\"orel},
  title = {{Rewritable Reference Attributed Grammars}},
  booktitle = {{Proceedings of the 18th European Conference on Object Oriented Programming (ECOOP'04)}},
  year = 2004,
  editor = {Odersky, Martin},
  pages = {147--171},
  address = {Oslo, Norway},
  organization = {},
  publisher = {Springer},
  volume = {},
  number = {},
  series = {LNCS 3086},
  month = jun,
  note = {}
}


@INPROCEEDINGS{Barthwal09,
  author = {Barthwal, Aditi and Norrish, Michael},
  title = {{Verified, Executable Parsing}},
  booktitle = {{Proceedings of the 18th European Symposium on Programming (ESOP'09)}},
  year = 2009,
  editor = {Castagna, Giuseppe},
  pages = {160--174},
  address = {York, United Kingdom},
  organization = {},
  publisher = {Springer},
  volume = {},
  number = {},
  series = {Lecture Notes in Computer Science 5502},
  month = mar,
  note = {}
}

@INPROCEEDINGS{Kort03,
  author = {Kort, Jan and L\"ammel, Ralf},
  title = {{Parse-Tree Annotations Meet Re-Engineering Concerns}},
  booktitle = {{Proceedings of the 3rd International Workshop on Source Code Analysis and Manipulation (SCAM'03)}},
  year = 2003,
  editor = {Binkley, Dave and Tonella, Paolo},
  pages = {161--170},
  address = {Amsterdam, The Netherlands},
  organization = {},
  publisher = {IEEE},
  volume = {},
  number = {},
  series = {},
  month = sep,
  note = {}
}

