@ARTICLE{Oyamaguchi03,
  author = {Michio Oyamaguchi and Yoshikatsu Ohta},
  title = {{The Unification Problem for Confluent Right-Ground Term Rewriting Systems}},
  journal = {Information and Computation},
  volume = 183,
  number = 2,
  year = 2003,
  issn = {0890-5401},
  pages = {187-211},
  publisher = {Academic Press, Inc.},
  address = {Duluth, MN, USA}
}

@INPROCEEDINGS{Oyamaguchi01,
  author = {Michio Oyamaguchi and Yoshikatsu Ohta},
  title = {{The Unification Problem for Confluent Right-Ground Term Rewriting Systems}},
  booktitle = {{Proceedings of the 12th International Conference on Rewriting Techniques and Applications}},
  year = 2001,
  editor = {},
  pages = {246-260},
  address = {Utrecht, The Netherlands},
  organization = {},
  publisher = {Springer},
  volume = {},
  number = {},
  series = {LNCS 2051},
  month = may,
  note = {}
}

@ARTICLE{Robinson65,
author = {Robinson, J. Alan},
title = {{A Machine-Oriented Logic Based on the Resolution Principle}},
journal = jacm,
year = 1965,
volume = 12,
number = 1,
pages = {23-41},
month = jan,
note = {}
}

@INPROCEEDINGS{Vitter84,
  author = {Vitter, Jeffrey Scott and Simons, Roger A.},
  title = {{Parallel Algorithms for Unification and Other Complete Problems in P}},
  booktitle = {{Proceedings of the ACM Annual Conference on the Fifth Generation Challenge (ACM'84)}},
  year = 1984,
  editor = {Muller, Richard L. and Pottmyer, James J.},
  month = jan,
  isbn = {0-89791-144-X},
  pages = {75-84},
  publisher = {ACM Press},
  address = {}
}

@ARTICLE{Raulefs79,
  author = {Peter Raulefs and Siekmann, J{\"o}rg H. and Peter Szab\'o and E. Unvericht},
  title = {{A Short Survey on the State of the Art in Matching and Unification Problems}},
  journal = {{ACM SIGSAM Bulletin}},
  volume = 13,
  number = 2,
  month = may,
  year = 1979,
  issn = {0163-5824},
  pages = {14-20},
  publisher = {ACM Press},
  address = {}
}

@INPROCEEDINGS{Kogure94,
  author = {Kiyoshi Kogure},
  title = {{Structure Sharing Problem and Its Solution in Graph Unification}},
  booktitle = {{Proceedings of the 15th Conference on Computational Linguistics}},
  year = 1994,
  month = aug,
  pages = {886--892},
  address = {Kyoto, Japan},
  publisher = {Association for Computational Linguistics}
}

@INCOLLECTION{Stirling92,
   author = {Colin Stirling}, 
   title = {{Modal and Temporal Logic}},
   volume = 2,
   booktitle = {Handbook in Computer Science},
   publisher = {Claredon Press},
   address = {Oxford},
   editor = {S. Abramsky and Dov M. Gabbay and T. S. E. Maibaum},
   month = {},
   year = 1992,
   type = {},
   chapter = {},
   pages = {477-563},
   note = {},
}

@INCOLLECTION{Reggio93,
   author = {Gianna Reggio}, 
   title = {{Event Logic for Specifying Abstract Dynamic Data Types}},
   editor = {Michel Bidoit and Christine Choppy},
   booktitle = {{Recent Trends in Data Type Specification}},
   volume = {LNCS 655},
   series = {},
   publisher = {Springer-Verlag},
   address = {Berlin},
   edition = {},
   month = {},
   year = 1993,
   type = {},
   chapter = {},
   pages = {292-309},
   note = {},
}

@ARTICLE{Costa97,
 author = {Gerardo Costa and Gianna Reggio}, 
 title = {{Specification of Abstract Dynamic DataTypes: A Temporal Logic Approach}},
 journal = {Theoretical Computer Science},
 year = 1997,
 volume = 173,
 number = 2,
 pages = {513-554},
 month = {},
 note = {}
}

@INPROCEEDINGS{Uschold96,
 author = {Mike Uschold}, 
 title = {{Building Ontologies: Towards a Unified Methodology}},
 editor = {},
 booktitle = {Proceedings of 16th Annual Conf. of the British Computer Society Specialist Group on Expert Systems},
 number = {},
 series = {},
 year = 1996,
 address = {Cambridge, UK},
 organization = {},
 publisher = {}, 
 pages = {},
 month = dec,
 note = {}
}

@INPROCEEDINGS{Uschold95,
 author = {Mike Uschold and Martin King}, 
 title = {{Towards a Methodology for Building Ontologies}},
 editor = {},
 booktitle = {Proceedings of IJCAI95's Workshop on Basic Ontological Issues in Knowledge Sharing},
 number = {},
 series = {},
 year = 1995,
 address = {},
 organization = {},
 publisher = {}, 
 pages = {},
 month = {},
 note = {}
}

@INPROCEEDINGS{Weinstein97a,
  author = {Peter Weinstein and Birmingham, William P.},
  title = {{Service Classification in a Proto-Organic Society of Agents}},
  editor = {},
  booktitle = {{Proceedings of the IJCAI-97 Workshop on Artificial Intelligence in Digital Libraries}},
  year = 1997,
  address = {Nagoya, Japan},
  series = {},
  volume = {},
  publisher = {},
  pages = {},
  month = aug
}

@INPROCEEDINGS{Weinstein97b,
  author = {Peter Weinstein and Birmingham, William P.},
  title = {{Runtime Classification of Agent Services}},
  editor = {},
  booktitle = {{Proceedings of the AAAI-97 Spring Symposium on Ontological Engineering}},
  year = 1997,
  address = {Stanford, Palo Alto, CA, USA},
  series = {},
  volume = {},
  publisher = {},
  pages = {},
  month = mar
}

@ARTICLE{Belblidia07,
  author = {Belblidia, Nadia and Debbabi, Mourad},
  title = {{A Dynamic Operational Semantics for JVML}},
  journal = {{Journal of Object Technology}},
  year = 2007,
  volume = 6,
  number = 3,
  pages = {71-100},
  month = feb#"-"#mar,
  note = {}
}

@BOOK{Bergmann08,
  author = {Bergmann, Merrie},
  editor = {},
  title = {{An Introduction to Many-Valued and Fuzzy Logic: Semantics, Algebras, and Derivation Systems}},
  publisher = {{Cambridge University Press}},
  year = 2008,
  address = {},
  edition = {},
  volume = {},
  number = {},
  series = {},
  month = {},
  note = {}
}

@INPROCEEDINGS{Kaur09,
  author = {Kaur, Dhawan Avneet and Kaur, Kirti},
  title = {{Fuzzy Expert Systems Based on Membership Functions and Fuzzy Rules}},
  booktitle = {{International Conference on Artificial Intelligence and Computational Intelligence (AICI'09)}},
  year = 2009,
  editor = {Deng, Hepu and Wand, Lanzhou},
  pages = {513--517},
  address = {Shanghai, China},
  organization = {},
  publisher = {IEEE},
  volume = {},
  number = {},
  series = {},
  month = nov,
  note = {}
}

@ARTICLE{Zadeh65,
  author = {Zadeh, Lotfi A.},
  title = {{Fuzzy Sets}},
  journal = {{Information and Control}},
  publisher = {Elsevier},
  year = 1965,
  volume = 8,
  number = 3,
  pages = {338--353},
  month = jun,
  note = {}
}

@INPROCEEDINGS{Cintra08,
  author = {Cintra, Marcos Evandro and Camargo, Heloisa A. and Monard, Maria Carolina},
  title = {{A Study on Techniques for the Automatic Generation of Membership Functions for Pattern Recognition}},
  booktitle = {{Proceedings of the 3rd Conference of Trinational Academy of Sciences}},
  year = 2008,
  editor = {},
  pages = {1--10},
  address = {Foz de Igua\c{c}u, Brazil},
  organization = {},
  publisher = {},
  volume = {},
  number = {},
  series = {},
  month = {},
  note = {}
}

@ARTICLE{Cordon04,
  author = {Cord{\'o}n, Oscar and Gomide, Fernando and Herrera, Francisco and Hoffmann, Frank and Magdalena, Luis},
  title = {{Ten Years of Genetic Fuzzy Systems: Current Framework and New Trends}},
  journal = {{Fuzzy Sets and Systems}},
  publisher = {Elsevier},
  year = 2004,
  volume = 141,
  number = 1,
  pages = {5--31},
  month = jan,
  note = {}
}

@ARTICLE{Cingolani13,
  author = {Cingolani, Pablo and Alcala\'a-Fdez, Jes\'us},
  title = {{jFuzzyLogic: a Java Library to Design Fuzzy Logic Controllers According to the Standard for Fuzzy Control Programming}},
  journal = {{International Journal of Computational Intelligence Systems}},
  publisher = {Taylor \& Francis},
  year = 2013,
  volume = 6,
  number = 1,
  pages = {61--75},
  month = {},
  note = {}
}

@BOOK{Ross11,
  author = {Ross, Timothy J.},
  editor = {},
  title = {{Fuzzy Logic with Engineering Applications}},
  publisher = {John Wiley \& Sons, Ltd},
  year = 2011,
  address = {},
  edition = {third},
  volume = {},
  number = {},
  series = {},
  month = dec,
  note = {}
}

@ARTICLE{Mamdani75,
  author = {Mamdani, Ebrahim H. and Assilian, Sedrak},
  title = {{An Experiment in Linguistic Synthesis with a Fuzzy Logic Controller}},
  journal = {{International Journal of Man-Machine Studies}},
  publisher = {Elsevier},
  year = 1975,
  volume = 7,
  number = 1,
  pages = {1--13},
  month = jan,
  note = {}
}

@INCOLLECTION{Craw17,
  author = {Craw, Susan},
  title = {{Manhattan Distance}},
  booktitle = {{Encyclopedia of Machine Learning and Data Mining}},
  publisher = {Springer},
  year = 2017,
  chapter = {},
  pages = {790--791},
  address = {},
  editor = {Sammut, Claude and Webb, Geoffrey I.},
  volume = {},
  number = {},
  series = {},
  type = {},
  edition = {},
  month = apr,
  note = {}
}

@BOOK{Deza09,
  author = {Deza, Michel Marie and Deza, Elena},
  editor = {},
  title = {{Encyclopedia of Distances}},
  publisher = {Springer},
  year = 2009,
  address = {},
  edition = {},
  volume = {},
  number = {},
  series = {},
  month = {},
  note = {}
}

@INPROCEEDINGS{Aggarwal01,
  author = {Aggarwal, Charu C. and Hinneburg, Alexander and Keim, Daniel A.},
  title = {{On the Surprising Behavior of Distance Metrics in High Dimensional Space}},
  booktitle = {{Proceedings of the 8th International Conference on Database Theory (ICDT'01)}},
  year = 2001,
  editor = {Van den Bussche, Jan and Vianu, Victor},
  pages = {420--434},
  address = {London, United Kingdom},
  organization = {},
  publisher = {Springer},
  volume = {},
  number = {},
  series = {Lecture Notes in Computer Science 1973},
  month = jan,
  note = {}
}

@INPROCEEDINGS{Pnueli77,
  author = {Pnueli, Amir},
  title = {{The Temporal Logic of Programs}},
  booktitle = {{Proceedings of the 18th Annual Symposium on Foundations of Computer Science (SFCS'77)}},
  year = 1977,
  editor = {Carlyle, Jack W. and Book, Ronald V.},
  pages = {46--57},
  address = {Providence, Rhode Island, USA},
  organization = {},
  publisher = {IEEE},
  volume = {},
  number = {},
  series = {},
  month = oct#"-"#nov,
  note = {}
}

@BOOK{Wittgenstein22,
  author = {Wittgenstein, Ludwig},
  editor = {Odgen, C. K. and Moore, G. E. and Ramsey, G. E.},
  title = {{Tractatus Logico-Philosophicus}},
  publisher = {Routledge \& Kegan Paul},
  year = 1922,
  address = {},
  edition = {},
  volume = {},
  number = {},
  series = {},
  month = {},
  note = {First Published in 1922}
}

