@BOOK{Silberschatz09,
 author = {Silberschatz, Abraham and Galvin, Peter B. and Gagne, Greg},
 editor = {},
 title = {{Operating System Concepts}},
 publisher = {Wiley},
 year = 2009,
 address = {},
 edition = {8\textsuperscript{th}},
 volume = {},
 number = {},
 series = {},
 month = feb,
 isbn = {978-0-470-23399-3},
 note = {}
}

@BOOK{Silberschatz10,
 author = {Silberschatz, Abraham and Galvin, Peter B. and Gagne, Greg},
 editor = {},
 title = {{Operating System Concepts with Java}},
 publisher = {Wiley},
 year = 2010,
 address = {},
 edition = {8\textsuperscript{th}},
 volume = {},
 number = {},
 series = {},
 month = feb,
 isbn = {978-0-470-39879-1},
 note = {}
}

@BOOK{Custer93,
   author = {Helen Custer},
   title = {{Inside Windows NT}},
   volume = {},
   series = {},
   publisher = {Microsoft Press},
   address = {Redmond, WA},
   edition = {},
   month = {},
   year = 1993,
   note = {},
}    

@INPROCEEDINGS{Leuchter00,
 author = {Sandro Leuchter and Thomas J{\"u}rgensohn}, 
 title = {{A Tutoring System for Air Traffic Control on the Basis of a Cognitive Model}},
 editor = {J. L. Alty},
 booktitle = {{Proceedings of the XVIII European Annual Conference on Human Decision Making and Manual Control}},
 number = {},
 series = {},
 year = 1999,
 address = {},
 organization = {},
 publisher = {}, 
 pages = {275-281},
 month = oct,
 note = {}
}

@INPROCEEDINGS{Gennart99,
 author = {Gennart, Benoit and Hersch, Roger D.}, 
 title = {{Computer-Aided Synthesis of Parallel Image Processing Applications}},
 editor = {},
 booktitle = {Proceedings of the Conference on Parallel and Distributed Methods for Image Processing},
 number = {},
 series = {},
 year = 1999,
 address = {Denver, USA},
 organization = {},
 publisher = {}, 
 pages = {48-61},
 month = {},
 note = {}
}

@INPROCEEDINGS{Draxler04,
   author = {Draxler, Christoph and J\"ansch, Klaus},
   title = {{SpeechRecorder---A Universal Platform Independent Multi-Channel Audio Recording Software}},
   booktitle = {{Proceedings of the Fourth International Conference on Language Resources and Evalation (LREC'04)}},
   year = 2004,
   editor = {Calzolari, Nicoletta},
   pages = {559--562},
   address = {Lisbon, Portugal},
   organization = {ELRA},
   publisher = {},
   volume = {},
   number = {},
   series = {},
   month = may,
   note = {}
}

@ARTICLE{Wang18c,
   author = {Wang, Anliang and Yan, Xiaolong and Wei, Zhijun},
   title = {{ImagePy: An Open-Source, Python-Based and Platform-Independent Software Package for Bioimage Analysis}},
   journal = {{Bioinformatics}},
   publisher = {Oxford Academic},
   year = 2018,
   volume = 34,
   number = 18,
   pages = {3238--3240},
   month = sep,
   note = {}
}

