@INPROCEEDINGS{Ancona95,
  author = {Massimo Ancona and Walter Cazzola and Gabriella Dodero and Vittoria Gianuzzi},
  title = {{Channel Reification: a Reflective Approach to Fault-Tolerant Software Development}},
  editor = {},
  booktitle = {OOPSLA'95 (poster section)},
  number = {},
  series = {},
  year = 1995,
  address = {Austin, Texas, USA},
  organization = {ACM},
  publisher = {},
  pages = {137},
  month = "on 15th-19th " # oct,
  note = {Available at \url{http://cazzola.di.unimi.it/cazzolawbib-by-year.html}}
}

@INPROCEEDINGS{Cazzola95,
  author = {Massimo Ancona and Walter Cazzola and Gabriella Dodero and Vittoria Gianuzzi},
  title = {{Materializzazione del Canale: Un Modello per la Riflessione Computazionale}},
  editor = {},
  booktitle = {TABO$\!$O'95 (poster section)},
  number = {},
  series = {},
  year = 1995,
  address = {Bologna, Italia},
  organization = {},
  publisher = {},
  pages = {},
  month = "on 1st "# dec,
  note = {Written in Italian}
}

@MASTERSTHESIS{Cazzola96,
  author = {Walter Cazzola},
  title = {{Channel Reification: a New Reflective Model. Analysis and Comparison with Other Models and Application to Fault Tolerant System}},
  school = {University of Genova -- Department of Computer Science (DISI)},
  type = {},
  address = {},
  month = apr,
  year = 1996,
  note = {(Written in Italian).},
}

@INPROCEEDINGS{Cazzola97,
  author = {Massimo Ancona and Walter Cazzola and Gabriella Dodero and Vittoria Gianuzzi},
  title = {{Communication Modeling by Channel Reification}},
  editor = {},
  booktitle = {Proceedings of the workshop ``Advances in Languages for User Modeling''},
  number = {},
  series = {in Sixth International Conference on User Modeling},
  year = 1997,
  address = {Chia Laguna, Sardinia Italia},
  organization = {},
  publisher = {},
  pages = {1--9},
  month = jun,
  note = {Available as Technical Report from University of \uppercase{S}alerno}
}

@INPROCEEDINGS{Cazzola97b,
  author = {Massimo Ancona and Walter Cazzola and Gabriella Dodero and Vittoria Gianuzzi},
  title = {{Channel Reification: A Reflective Model for Distributed Computation}},
  editor = {},
  booktitle = {Languages and Models with Objects -- LMO'97 (poster section)},
  number = {},
  series = {},
  year = 1997,
  address = {Roscoff, France},
  organization = {},
  publisher = {},
  pages = {1--5},
  month = "on 22nd-24th " # oct,
  note = {}
}

@INPROCEEDINGS{Cazzola98a,
  author = {Massimo Ancona and Walter Cazzola and Gabriella Dodero and Vittoria Gianuzzi},
  title = {{Channel Reification: A Reflective Model for Distributed Computation}},
  editor = {Jenevein, Roy and Obaidat, Mohammad S.},
  booktitle = {Proceedings of IEEE International Performance Computing, and Communication Conference (IPCCC'98)},
  number = {},
  series = {98CH36191},
  year = 1998,
  address = {Phoenix, Arizona, USA},
  organization = {IEEE},
  publisher = {},
  pages = {32--36},
  month = "on 16th-18th " # feb,
  note = {}
}

@INPROCEEDINGS{Cazzola98b,
  author = {Walter Cazzola and Andrea Savigni and Andrea Sosio and Francesco Tisato},
  title = {{Architectural Reflection: Bridging the Gap Between a Running System and its Architectural Specification}},
  editor = {},
  booktitle = {Proceedings of 6\textsuperscript{th} Reengineering Forum (REF'98)},
  number = {},
  series = {},
  year = 1998,
  address = {Firenze, Italia},
  organization = {IEEE},
  publisher = {},
  pages = {12-1--12-6},
  month = "on 8th-11th " # mar,
  note = {}
}

@INPROCEEDINGS{Cazzola98c,
  author = {Walter Cazzola and Andrea Savigni and Andrea Sosio and Francesco Tisato},
  title = {{A Fresh Look at Programming-in-the-Large}},
  editor = {},
  booktitle = {Proceedings of 22\textsuperscript{nd} Annual International Computer Software and Application Conference (COMPSAC'98)},
  number = {},
  series = {},
  year = 1998,
  address = {Wien, Austria},
  organization = {IEEE},
  publisher = {},
  pages = {502--506},
  month = "on 19th-21st " # aug,
  note = {}
}

@INPROCEEDINGS{Cazzola98d,
  author = {Andrea Clematis and Vittoria Gianuzzi and Alexander Romanovsky and Tyrrell, Andy M. and Walter Cazzola},
  title = {{Approaches to Designing Complex Dependable Systems}},
  editor = {De Paoli, Flavio and Mac Leod, Ian M.},
  booktitle = {Proceedings of 15\textsuperscript{th} IFAC Workshop on Distributed Computer Control Systems (DCCS'98)},
  number = {},
  series = {IFAC Proceedings Volumes},
  year = 1998,
  address = {Como, Italy},
  organization = {IFAC},
  publisher = {Elsevier},
  pages = {71--78},
  month = "on 9th-11th " # sep,
  note = {ISBN: 0-08-043242-5 }
}

@INPROCEEDINGS{Cazzola98e,
  author = {Massimo Ancona and Walter Cazzola and Eduardo B. Fernandez},
  title = {{Reflective Authorization Systems}},
  editor = {},
  booktitle = {Proceedings of ECOOP Workshop on Distributed Object Security (EWDOS'98)},
  number = {},
  series = {in 12\textsuperscript{th} European Conference on Object-Oriented Programming (ECOOP'98)},
  year = 1998,
  address = {Brussels, Belgium},
  organization = {},
  publisher = {Unit\'e de Recherche INRIA Rh\v{o}ne-Alpes},
  pages = {35--39},
  month = "on 20th-24th " # jul,
  note = {}
}

@ARTICLE{Cazzola98f,
  author = {Massimo Ancona and Walter Cazzola},
  title = {{Static Header as Sentinel}},
  journal = {ACM Sigplan Notices},
  publisher = {ACM Press},
  year = 1998,
  volume = 33,
  number = 6,
  pages = {61--64},
  month = jun,
  coden = "SINODQ",
  ISSN = "0362-1340",
  note = {}
}

@INPROCEEDINGS{Cazzola98g,
  author = {Walter Cazzola},
  title = {{Evaluation of Object-Oriented Reflective Models}},
  editor = {},
  booktitle = {Proceedings of ECOOP Workshop on Reflective Object-Oriented Programming and Systems (EWROOPS'98)},
  number = {},
  series = {in 12\textsuperscript{th} European Conference on Object-Oriented Programming (ECOOP'98)},
  year = 1998,
  address = {Brussels, Belgium},
  organization = {},
  publisher = {},
  pages = {},
  month = "on 20th-24th " # jul,
  note = {Extended Abstract also published on ECOOP'98 Workshop Readers, S. Demeyer and J. Bosch editors, LNCS 1543, ISBN 3-540-65460-7 pages 386-387}
}

@TECHREPORT{Cazzola98h,
  author = {Paola Bonetto and Walter Cazzola and Sabrina De Capitani Di Vimercati and Isabella Merlo and Andrea Savigni and Italo Zoppis},
  title = {{The Sandwich Theorem: Comments and Observations}},
  institution = {DISI, University of Genova},
  type = {Technical Report},
  number = {DISI-TR-98-11},
  address = {},
  year = 1998,
  month = sep,
  note = {(Written in Italian). Also presented as Technical Report 228-98 for DSI, University of Milano}
}

@INCOLLECTION{Cazzola99a,
  author = {Massimo Ancona and Walter Cazzola and Eduardo B. Fernandez},
  title = {{Reflective Authorization Systems: Possibilities, Benefits and Drawbacks}},
  editor = {Jan Vitek and Christian Jensen},
  booktitle = {{Secure Internet Programming: Security Issues for Mobile and Distributed Objects}},
  series = {Lecture Notes in Computer Science 1603},
  number = {},
  publisher = {Springer-Verlag},
  address = {},
  edition = {},
  month = jul,
  year = 1999,
  type = {},
  chapter = {},
  pages = {35-49},
  note = {}
}

@TECHREPORT{Cazzola99b,
  author = {Walter Cazzola and Andrea Savigni and Andrea Sosio and Francesco Tisato},
  title = {{Architectural Reflection: Concepts, Design, and Evaluation}},
  institution = {DSI, Universit\`a degli Studi di Milano},
  type = {Technical Report},
  number = {RI-DSI 234-99},
  address = {},
  year = 1999,
  month = may,
  note = {Available at \url{http://cazzola.di.unimi.it/cazzolawbib-by-year.html}}
}

@INPROCEEDINGS{Cazzola99c,
  author = {Massimo Ancona and Walter Cazzola and Eduardo B. Fernandez},
  title = {{A History-Dependent Access Control Mechanism Using Reflection}},
  editor = {Peter Sewell and Jan Vitek},
  booktitle = {Proceedings of 5\textsuperscript{th} ECO$\!$OP Workshop on Mobile Object Systems (EWMOS'99)},
  number = {},
  series = {in 13\textsuperscript{th} European Conference on Object-Oriented Programming (ECOOP'99)},
  year = 1999,
  address = {Lisbon, Portugal},
  organization = {},
  publisher = {},
  pages = {},
  month = "on 14th-18th " # jun,
  note = {}
}

@INPROCEEDINGS{Cazzola99d,
  author = {Walter Cazzola and Andrea Savigni and Andrea Sosio and Francesco Tisato},
  title = {{Rule-Based Strategic Reflection: Observing and Modifying Behaviour at the Architectural Level}},
  editor = {Hall, Robert J. and Tyugu, Enn},
  booktitle = {Proceedings of 14\textsuperscript{th} IEEE International Conference on Automated Software Engineering (ASE'99)},
  number = {},
  series = {},
  year = 1999,
  address = {Cocoa Beach, Florida, USA},
  organization = {},
  publisher = {IEEE},
  pages = {263-266},
  month = "on 12th-15th " #oct,
  note = {}
}

@INPROCEEDINGS{Cazzola99e,
  author = {Walter Cazzola and Robert J.\ Stroud and Francesco Tisato},
  title = {{OORaSE'99 Workshop on Object-Oriented Reflection and Software Engineering}},
  editor = {},
  booktitle = {OOPSLA'99 (poster section)},
  number = {},
  series = {},
  year = 1999,
  address = {Denver, Colorado, USA},
  organization = {ACM},
  publisher = {},
  pages = {},
  month = "on 1st " # nov,
  note = {Available at \url{http://cazzola.di.unimi.it/cazzolawbib-by-year.html}}
}

@INPROCEEDINGS{Cazzola99f,
  author = {Walter Cazzola and Andrea Sosio and Francesco Tisato},
  title = {{Reflection and Object-Oriented Analysis}},
  editor = {Walter Cazzola and Robert J.\ Stroud and Francesco Tisato},
  year = 1999,
  month = nov,
  booktitle = {{Proceedings of the 1\textsuperscript{st} Workshop on Object-Oriented Reflection and Software Engineering (OORaSE'99)}},
  publisher = {University of Milano Bicocca},
  organization = {},
  pages = {95-106},
  note = {}
}

@BOOK{Cazzola99g,
  editor = {Walter Cazzola and Robert J.\ Stroud and Francesco Tisato},
  title = {{Proceedings of the 1\textsuperscript{st} Workshop on Object-Oriented Reflection and Software Engineering (O$\!$ORaSE'99)}},
  year = 1999,
  address = {Denver, Colorado, USA},
  publisher = {University of Milano Bicocca},
  month = "on 1st " # nov,
  note = {}
}

@BOOK{Cazzola00a,
  editor = {Walter Cazzola and Robert J. Stroud and Francesco Tisato},
  title = {{Reflection and Software Engineering}},
  volume = 1826,
  series = {Lecture Notes in Computer Science},
  publisher = {Springer-Verlag},
  address = {Heidelberg, Germany},
  month = jun,
  year = 2000
}

@INCOLLECTION{Cazzola00b,
  author = {Walter Cazzola and Andrea Sosio and Francesco Tisato},
  title = {{Shifting Up Reflection from the Implementation to the Analysis Level}},
  editor = {Walter Cazzola and Robert J.\ Stroud and Francesco Tisato},
  booktitle = {{Reflection and Software Engineering}},
  series = {Lecture Notes in Computer Science 1826},
  publisher = {Springer-Verlag},
  address = {Heidelberg, Germany},
  edition = {},
  month = jun,
  year = 2000,
  pages = {1-20}
}

@TECHREPORT{Cazzola00c,
  author = {Walter Cazzola and Massimo Ancona},
  title = {{\mChaRM: a Reflective Middleware for Com\-mu\-ni\-ca\-tion-Ba\-sed Reflection}},
  institution = {DISI, Universit\`{a} degli Studi di Genova},
  type = {Technical Report},
  number = {DISI-TR-00-09},
  address = {},
  year = 2000,
  month = may,
  note = {Available at \url{http://cazzola.di.unimi.it/cazzolawbib-by-year.html}}
}

@INCOLLECTION{Cazzola00d,
  author = {Walter Cazzola},
  title = {{Communication Oriented Reflection}},
  editor = {Jacques Malenfant and Sabine Moisan and Ana Moreira},
  booktitle = {{ECOOP'00 Workshop Reader}},
  series = {Lecture Notes in Computer Science 1964},
  publisher = {Springer-Verlag},
  address = {},
  edition = {},
  month = dec,
  year = 2000,
  pages = {287-288}
}

@INCOLLECTION{Cazzola00e,
  author = {Walter Cazzola and Shigeru Chiba and Thomas Ledoux},
  title = {{Reflection and Meta-Level Architectures: State of the Art, and Future Trends}},
  editor = {Jacques Malenfant and Sabine Moisan and Ana Moreira},
  booktitle = {{ECOOP'00 Workshop Reader}},
  series = {Lecture Notes in Computer Science 1964},
  publisher = {Springer-Verlag},
  address = {},
  edition = {},
  month = dec,
  year = 2000,
  pages = {1-15}
}

@INPROCEEDINGS{Cazzola00f,
  author = {Francesco Tisato and Andrea Savigni and Walter Cazzola and Andrea Sosio},
  title = {{Architectural Reflection: Realising Software Architectures via Reflective Activities}},
  editor = {Wolfang Emmerich and Stephan Tai},
  booktitle = {{Proceedings of the 2\textsuperscript{nd} International Workshop on Engineering Distributed Objects (EDO 2000)}},
  series = {Lecture Notes in Computer Science 1999},
  publisher = {Springer-Verlag},
  address = {University of California, Davis, USA},
  edition = {},
  month = "on 2nd-3rd of "#nov,
  year = 2000,
  pages = {102--115}
}

@INPROCEEDINGS{Cazzola00g,
  author = {Massimo Ancona and Walter Cazzola and Paolo Raffo and Ioan Bogdan Vasian},
  title = {{Virtual Path Layout Design Via Network Clustering}},
  editor = {},
  booktitle = {Proceedings of International Conference Communications 2000},
  number = {},
  series = {},
  year = 2000,
  address = {Bucharest, Romania},
  organization = {IEEE},
  publisher = {},
  pages = {352-360},
  month = "on 7th-9th of " # dec,
  note = {}
}

@PHDTHESIS{Cazzola00h,
  author = {Walter Cazzola},
  title = {{Communication-Oriented Reflection: a Way to Open Up the RMI Mechanism}},
  school = {Universit\`a degli Studi di Milano},
  year = 2001,
  month = feb,
  address = {Milano, Italy},
  annote = {}
}

@INPROCEEDINGS{Cazzola01a,
  author = {Massimo Ancona and Walter Cazzola and Enrico Martinuzzi and Paolo Raffo and Ioan Bogdan Vasian},
  title = {{Clustering Algorithms for the Optimization of Communication Graphs}},
  editor = {},
  booktitle = {Proceedings of the Fourth Conference Italo-Latino American of Industrial and Applied Mathematics},
  number = {},
  series = {},
  year = 2001,
  address = {Havana, Cuba},
  organization = {},
  publisher = {},
  pages = {328-334},
  month = "on 19th-23rd of " # mar,
  note = {},
  isbn = {959-7056-13-5}
}

@TECHREPORT{Cazzola01b,
  author = {Walter Cazzola and Massimo Ancona and Fabio Canepa and Massimo Mancini and Vanja Siccardi},
  title = {{Shifting Up Java RMI from P2P to Multi-Point}},
  institution = {DISI, Universit\`{a} degli Studi di Genova},
  type = {Technical Report},
  number = {DISI-TR-01-13},
  address = {},
  year = 2001,
  month = dec,
  note = {Available at \url{http://cazzola.di.unimi.it/cazzolawbib-by-year.html}}
}

@ARTICLE{Cazzola02,
  author = {Walter Cazzola},
  title = {{\mChaRM: Reflective Middleware with a Global View of Communications}},
  journal = {IEEE Distributed Systems On-Line},
  publisher = {IEEE},
  year = 2002,
  volume = 3,
  number = 2,
  pages = {},
  month = feb,
  ISSN = {1541-4922},
  note = {ISSN: 1541-4922. Available at \url{http://dsonline.computer.org/middleware/articles/dsonline-mcharm.html}}
}

@INPROCEEDINGS{Cazzola02a,
  author = {Walter Cazzola and Massimo Ancona and Fabio Canepa and Massimo Mancini and Vanja Siccardi},
  title = {{Enhancing Java to Support Object Groups}},
  editor = {},
  booktitle = {Proceedings of the Third Conference on Recent Object-Oriented Trends (ROOTS'02)},
  number = {},
  series = {},
  year = 2002,
  address = {Bergen, Norway},
  organization = {},
  publisher = {},
  pages = {},
  month = "on 17th-19th of " # apr,
  note = {}
}

@INPROCEEDINGS{Cazzola02b,
  author = {Massimo Ancona and Walter Cazzola and Paolo Raffo and Marco Corvi},
  title = {{Image Database Retrieval Using Wavelet Packets Compressed Data}},
  editor = {},
  booktitle = {Proceedings of the Sixth SIMAI National Conference},
  number = {},
  series = {},
  year = 2002,
  address = {Chia Laguna, Italy},
  organization = {},
  publisher = {},
  pages = {},
  month = "on 27th-31st of " # may,
  note = {}
}

@TECHREPORT{Cazzola02c,
  author = {Massimo Ancona and Walter Cazzola},
  title = {{The Programming Language \textsf{Io}}},
  institution = {DISI, Universit\`a degli Studi di Genova},
  type = {Technical Report},
  number = {DISI-TR-04-02},
  address = {},
  year = 2002,
  month = may,
  note = {Available at \url{http://cazzola.di.unimi.it/cazzolawbib-by-year.html}}
}

@INPROCEEDINGS{Cazzola02d,
  author = {Walter Cazzola and Ahmed Ghoneim and Gunter Saake},
  title = {{Reflective Analysis and Design for Adapting Object Run-time Behavior}},
  editor = {Zohra Bellahs\`ene and Dilip Patel and Colette Rolland},
  booktitle = {Proceedings of the 8\textsuperscript{th} International Conference on Object-Oriented Information Systems (OOIS'02)},
  number = {},
  series = {Lecture Notes in Computer Science 2425},
  year = 2002,
  address = {Montpellier, France},
  organization = {},
  publisher = {Springer-Verlag},
  pages = {242-254},
  month = "on 2nd-5th of " # sep,
  note = {},
  isbn = {3-540-44087-9}
}

@INPROCEEDINGS{Cazzola02e,
  author = {Walter Cazzola and Coplien, James O. and Ahmed Ghoneim and Gunter Saake},
  title = {{Framework Patterns for the Evolution of Nonstoppable Software Systems}},
  editor = {Hruby, Pavel and S{\o}resen, Kristian Elof},
  booktitle = {Proceedings of the 1\textsuperscript{st} Nordic Conference on Pattern Languages of Programs (VikingPLoP'02)},
  number = {},
  series = {},
  year = 2002,
  address = {H{\o}jstrupg\r{a}rd, Helsing{\o}r, Denmark},
  organization = {},
  publisher = {Microsoft Business Solutions},
  pages = {35-54},
  month = "on 20th-22nd of " # sep,
  isbn = {87-7849-769-8},
  note = {}
}

@INPROCEEDINGS{Cazzola03,
  author = {Massimo Ancona and Walter Cazzola and Daniele D'Agostino},
  title = {{Smart Data Caching in Archeological Wireless Applications: the \textsf{PAST} Solution}},
  editor = {Andrea Clematis},
  booktitle = {Proceedings of the 11\textsuperscript{th} Euromicro Conference on Parallel, Distributed and Network-Based Processing (Euromicro PDP 2003)},
  number = {},
  series = {},
  year = 2003,
  address = {Genova, Italy},
  organization = {},
  publisher = {IEEE Computer Society Press},
  pages = {532-536},
  month = "on 5th-7th of " # feb,
  note = {},
  isbn = {0-7695-1875-3}
}

@TECHREPORT{Cazzola03b,
  author = {Dario Maggiorini and Walter Cazzola and B.S. Prabhu and Rajit Gadh},
  title = {{A Service-Oriented Middleware for Seamless Nomadic System-Aware (SNA) Servants}},
  institution = {WINMEC: Wireless INternet for the Mobile Enterprise Consortium},
  type = {White Paper},
  number = {},
  address = {},
  year = 2003,
  month = mar,
  note = {Available at \url{http://www.wireless.ucla.edu/winmec/projects/SNA_Servants.pdf}}
}

@ARTICLE{Cazzola03c,
  author = {Walter Cazzola},
  title = {{Remote Method Invocation as a First-Class Citizen}},
  journal = {Distributed Computing},
  publisher = {Springer-Verlag},
  year = 2003,
  volume = 16,
  number = 4,
  pages = {287-306},
  month = dec,
  issn = {0178-2770},
  doi = {10.1007/s00446-003-0094-8},
  note = {}
}

@INPROCEEDINGS{Cazzola04,
  author = {Walter Cazzola and Dario Maggiorini},
  title = {{Seamless Nomadic System-Aware Servants}},
  editor = {Sprague, Jr, Ralph H.},
  booktitle = {Proceedings of the 37\textsuperscript{th} Hawai'i International Conference on System Sciences (HICSS'04)},
  number = {},
  series = {},
  year = 2004,
  address = {Big Island, Hawaii},
  organization = {},
  publisher = {IEEE Computer Society Press},
  pages = {},
  month = "on 5th-8th of " # jan,
  note = {}
}

@INPROCEEDINGS{Cazzola04b,
  author = {Walter Cazzola},
  title = {{SmartMethod: an Efficient Replacement for Method}},
  editor = {},
  booktitle = {Proceedings of the 19\textsuperscript{th} Annual ACM Symposium on Applied Computing (SAC'04)},
  number = {},
  series = {},
  year = 2004,
  address = {Nicosia, Cyprus},
  organization = {},
  publisher = {ACM Press},
  pages = {1305-1309},
  month = "on 14th-17th of " # mar,
  note = {}
}

@INPROCEEDINGS{Cazzola04c,
  author = {Massimo Ancona and Walter Cazzola},
  title = {{Implementing the Essence of Reflection: a Reflective Run-Time Environment}},
  editor = {},
  booktitle = {Proceedings of the 19\textsuperscript{th} Annual ACM Symposium on Applied Computing (SAC'04)},
  number = {},
  series = {},
  year = 2004,
  address = {Nicosia, Cyprus},
  organization = {},
  publisher = {ACM Press},
  pages = {1503-1507},
  month = "on 14th-17th of " # mar,
  note = {}
}

@INCOLLECTION{Cazzola04d,
  author = {Walter Cazzola and Ahmed Ghoneim and Gunter Saake},
  title = {{Software Evolution through Dynamic Adaptation of Its OO Design}},
  editor = {Ehrich, Hans-Dieter and Meyer, John-Jules and Ryan, Mark D.},
  booktitle = {{Objects, Agents and Features: Structuring Mechanisms for Contemporary Software}},
  series = {Lecture Notes in Computer Science 2975},
  publisher = {Springer-Verlag},
  address = {Heidelberg, Germany},
  edition = {},
  month = jul,
  year = 2004,
  pages = {69-84}
}

@INPROCEEDINGS{Cazzola04e,
  author = {Alberto Traverso and Massardo, Aristide F. and Walter Cazzola and Giovanni Lagorio},
  title = {{WIDGET-TEMP: A Novel Web-Based Approach for Thermoeconomic Analysis and Optimization of Conventional and Innovative Cycles}},
  booktitle = {{ASME Proceedings}},
  year = 2004,
  editor = {},
  pages = {623-631},
  address = {Wien, Austria},
  organization = {},
  publisher = {IEE},
  volume = 7,
  number = {},
  series = {},
  month = jun,
  ISBN = {0-7918-4172-3},
  note = {Paper No. GT2004-54115}
}

@INPROCEEDINGS{Cazzola04f,
  author = {Walter Cazzola and Ahmed Ghoneim and Gunter Saake},
  title = {{System Evolution through Design Information Evolution: a Case Study}},
  editor = {Walter Dosch and Narayan Debnath},
  booktitle = {Proceedings of the 13\textsuperscript{th} International Conference on Intelligent and Adaptive Systems and Software Engineering (IASSE 2004)},
  number = {},
  series = {},
  year = 2004,
  address = {Nice, France},
  organization = {},
  publisher = {ISCA},
  pages = {145-150},
  month = "on 1st-3rd of " # jul,
  isbn = {1-880843-52-x},
  note = {}
}

@INPROCEEDINGS{Cazzola04g,
  author = {Walter Cazzola and Sonia Pini and Massimo Ancona},
  title = {{Evolving Pointcut Definition to Get Software Evolution}},
  editor = {},
  booktitle = {Proceedings of the 1\textsuperscript{st} ECOOP Workshop on Reflection, AOP and Meta-Data for Software Evolution (RAM-SE'04)},
  number = {},
  series = {in 18\textsuperscript{th} European Conference on Object-Oriented Programming (ECOOP'04)},
  year = 2004,
  address = {Oslo, Norway},
  organization = {},
  publisher = {},
  pages = {83-88},
  month = "on 15th " # jun,
  note = {}
}

@INPROCEEDINGS{Cazzola04h,
  author = {Walter Cazzola and Ahmed Ghoneim and Gunter Saake},
  title = {{RAMSES: a Reflective Middleware for Software Evolution}},
  editor = {},
  booktitle = {Proceedings of the 1\textsuperscript{st} ECOOP Workshop on Reflection, AOP and Meta-Data for Software Evolution (RAM-SE'04)},
  number = {},
  series = {in 18\textsuperscript{th} European Conference on Object-Oriented Programming (ECOOP'04)},
  year = 2004,
  address = {Oslo, Norway},
  organization = {},
  publisher = {},
  pages = {21-26},
  month = "on 15th " # jun,
  note = {}
}

@INPROCEEDINGS{Cazzola04i,
  author = {Massimo Ancona and Walter Cazzola and Sara Drago and Francesco Guido},
  title = {{An XML-Based Description of Structured Networks}},
  editor = {},
  booktitle = {Proceedings of International Conference Communications 2004},
  number = {},
  series = {},
  year = 2004,
  address = {Bucharest, Romania},
  organization = {IEEE Press},
  publisher = {},
  pages = {401-406},
  month = "on 3rd-4th of " # jun,
  note = {}
}

@BOOK{Cazzola04l,
  editor = {Walter Cazzola and Shigeru Chiba and Gunter Saake},
  title = {{Proceedings of the 1\textsuperscript{st} ECOOP Workshop on Reflection, AOP and Meta-Data for Software Evolution (RAM-SE'04)}},
  year = 2004,
  series = {Research Report C-196 of the Dept. of Mathematical and Computing Sciences, Tokyo Institute of Technology},
  address = {},
  month = jul,
  publisher = {Preprint No. 10/2004 of Fakult\"{a}t f\"{u}r Informatik, Otto-von-Guericke-Universit\"{a}t Magdeburg}
}

@INCOLLECTION{Cazzola04m,
  author = {Walter Cazzola and Shigeru Chiba and Gunter Saake},
  title = {{Software Evolution: a Trip through Reflective, Aspect, and Meta-Data Oriented Techniques}},
  editor = {Malenfant, Jacques and {\O}stvold, Bjarte M.},
  booktitle = {{ECOOP'04 Workshop Reader}},
  series = {Lecture Notes in Computer Science 3344},
  publisher = {Springer-Verlag},
  address = {},
  edition = {},
  month = dec,
  year = 2004,
  pages = {116-130}
}

@ARTICLE{Cazzola04n,
  author = {Walter Cazzola},
  title = {{SmartReflection: Efficient Introspection in Java}},
  journal = {Journal of Object Technology},
  publisher = {},
  year = 2004,
  volume = 3,
  number = 11,
  pages = {117-132},
  month = dec,
  ISSN = {},
  note = {}
}

@INPROCEEDINGS{Cazzola04o,
  author = {Massimo Ancona and Walter Cazzola and Sonia Pini and Marco Frascio and Natasha Stavropoulou and Alex Conconi},
  title = {{Doc at Hand: Knowledge Sharing and Decision Support for Healthcare Professionals}},
  editor = {},
  booktitle = {Proceedings of 1\textsuperscript{st} Euro-Mediterranean Conference on Medical Informatics and Telemedicine (EMMIT'04)},
  number = {},
  series = {},
  year = 2004,
  address = {Genova, Italia},
  organization = {},
  publisher = {},
  pages = {},
  month = "on 18th-21st of " # nov,
  note = {}
}

@INPROCEEDINGS{Cazzola05,
  author = {Walter Cazzola and Antonio Cisternino and Diego Colombo},
  title = {{[a]C\#: C\# with a Customizable Code Annotation Mechanism}},
  editor = {},
  booktitle = {Proceedings of the 20\textsuperscript{th} Annual ACM Symposium on Applied Computing (SAC'05)},
  number = {},
  series = {},
  year = 2005,
  address = {Santa Fe, New Mexico, USA},
  organization = {},
  publisher = {ACM Press},
  pages = {1274-1278},
  month = "on 13th-17th of " # mar,
  note = {}
}

@INPROCEEDINGS{Cazzola05b,
  author = {Walter Cazzola and Sonia Pini and Massimo Ancona},
  title = {{AOP for Software Evolution: A Design Oriented Approach}},
  editor = {},
  booktitle = {Proceedings of the 20\textsuperscript{th} Annual ACM Symposium on Applied Computing (SAC'05)},
  number = {},
  series = {},
  year = 2005,
  address = {Santa Fe, New Mexico, USA},
  organization = {},
  publisher = {ACM Press},
  pages = {1356-1360},
  month = "on 13th-17th of " # mar,
  note = {}
}

@INPROCEEDINGS{Cazzola05k,
  author = {Ancona, Massimo and Pini, Sonia and Cazzola, Walter and Frascio, Marco and Simonov, Mikhail and Sammartino, Luca},
  title = {{Knowledge Sharing and Decision Support System for Healthcare Professionals}},
  booktitle = {{Proceedings of the International Trade Event and Conference for eHealth, Telemedicine and Health ICT (Med-e-Tel 2005)}},
  year = 2005,
  editor = {},
  pages = {},
  address = {Luxembourg City, Luxembourg},
  organization = {},
  publisher = {},
  volume = {},
  number = {},
  series = {},
  month = "on 6th-8th of " # apr,
  note = {}
}

@INPROCEEDINGS{Cazzola05c,
  author = {Walter Cazzola and Sonia Pini and Massimo Ancona},
  title = {{The Role of Design Information in Software Evolution}},
  editor = {Cazzola, Walter and Chiba, Shigeru and Saake, Gunter and Tourw\'e, Tom},
  booktitle = {Proceedings of the 2\textsuperscript{nd} ECOOP Workshop on Reflection, AOP and Meta-Data for Software Evolution (RAM-SE'05)},
  number = {},
  series = {in 19\textsuperscript{th} European Conference on Object-Oriented Programming (ECOOP'05)},
  year = 2005,
  address = {Glasgow, Scotland},
  organization = {},
  publisher = {},
  pages = {59-70},
  month = "on 25th " # jul,
  note = {}
}

@INPROCEEDINGS{Cazzola05d,
  author = {Walter Cazzola and Antonio Cicchetti and Alfonso Pierantonio},
  title = {{On the Problems of the JPMs}},
  editor = {},
  booktitle = {Proceedings of the 1\textsuperscript{st} ECOOP Workshop on Models and Aspects (MAW'05)},
  number = {},
  series = {in 19\textsuperscript{th} European Conference on Object-Oriented Programming (ECOOP'05)},
  year = 2005,
  address = {Glasgow, Scotland},
  organization = {},
  publisher = {},
  pages = {},
  month = "on 26th " # jul,
  note = {}
}

@INPROCEEDINGS{Cazzola05e,
  author = {Simonov, Mikhail and Sammartino, Luca and Ancona, Massimo and Pini, Sonia and Cazzola, Walter and Frascio, Marco},
  title = {{Information, Knowledge and Interoperability for Healthcare Domain}},
  editor = {Nesi, Paolo and Ng, Kia and Delgado, Jaime},
  booktitle = {Proceedings of the 1\textsuperscript{st} International Conference on Automated Production of Cross Media Content for Multi-Channel Distribution (AXMEDIS'05)},
  number = {},
  series = {},
  year = 2005,
  address = {Florence, Italy},
  organization = {},
  publisher = {IEEE Computer Society Press},
  pages = {35-42},
  month = "on 30th of " # nov # " - 2nd of "# dec,
  note = {}
}

@INPROCEEDINGS{Cazzola05f,
  author = {Lorenzo Capra and Walter Cazzola},
  title = {{A Petri-Net Based Reflective Framework}},
  editor = {Arbab, Farhad and Sirjani, Marjan},
  booktitle = {Proceedings of the IPM International Workshop on Foundations of Software Engineering (FSEN'05)},
  number = {},
  series = {Electronic Notes in Theoretical Computer Science 159},
  year = 2005,
  address = {Tehran, Iran},
  organization = {},
  publisher = {Elsevier},
  pages = {41-59},
  month = "on 1st-3rd of " # oct,
  note = {}
}

@INPROCEEDINGS{Cazzola05g,
  author = {Antonio Cisternino and Walter Cazzola and Diego Colombo},
  title = {{Metadata-Driven Library Design}},
  editor = {},
  booktitle = {Proceedings of Library-Centric Software Design Workshop (LCSD'05)},
  number = {},
  series = {},
  year = 2005,
  address = {San Diego, CA, USA},
  organization = {},
  publisher = {},
  pages = {},
  month = "on 16th of " # oct,
  note = {}
}

@ARTICLE{Cazzola05h,
  author = {Walter Cazzola and Antonio Cisternino and Diego Colombo},
  title = {{Freely Annotating C\#}},
  journal = {Journal of Object Technology},
  publisher = {},
  year = 2005,
  volume = 4,
  number = 10,
  pages = {31-48},
  month = dec,
  ISSN = {},
  note = {}
}

@BOOK{Cazzola05i,
  editor = {Walter Cazzola and Shigeru Chiba and Gunter Saake and Tom Tourw\'e},
  title = {{Proceedings of the 2\textsuperscript{nd} ECOOP Workshop on Reflection, AOP and Meta-Data for Software Evolution (RAM-SE'05)}},
  year = 2005,
  series = {},
  address = {},
  month = nov,
  publisher = {Preprint No. 9/2005 of Fakult\"{a}t f\"{u}r Informatik, Otto-von-Guericke-Universit\"{a}t Magdeburg}
}

@INCOLLECTION{Cazzola05j,
  author = {Walter Cazzola and Shigeru Chiba and Gunter Saake and Tom Tourw\'e},
  title = {{AOSD and Reflection: Benefits and Drawbacks to Software Evolution}},
  editor = {Roper, Marc and De Meuter, Wolfgang},
  booktitle = {{ECOOP'05 Workshop Reader}},
  series = {Lecture Notes in Computer Science},
  publisher = {Springer-Verlag},
  address = {},
  edition = {},
  month = {},
  year = 2005,
  pages = {}
}

@INPROCEEDINGS{Cazzola06,
  author = {Walter Cazzola and Antonio Cicchetti and Alfonso Pierantonio},
  title = {{Towards a Model-Driven Join Point Model}},
  editor = {},
  booktitle = {Proceedings of the 21\textsuperscript{st} Annual ACM Symposium on Applied Computing (SAC'06)},
  number = {},
  series = {},
  year = 2006,
  address = {Dijon, France},
  organization = {},
  publisher = {ACM Press},
  pages = {1306-1307},
  month = "on 23rd-27th of " # apr,
  note = {}
}

@INPROCEEDINGS{Cazzola06b,
  author = {Walter Cazzola and Jean-Marc J\'ez\'equel and Awais Rashid},
  title = {{Semantic Join Point Models: Motivations, Notions and Requirements}},
  editor = {},
  booktitle = {Proceedings of the Software Engineering Properties of Languages and Aspect Technologies Workshop (SPLAT'06)},
  number = {},
  series = {},
  year = 2006,
  address = {Bonn, Germany},
  organization = {},
  publisher = {},
  pages = {},
  month = "on 21st " # mar,
  note = {}
}

@INPROCEEDINGS{Cazzola06c,
  author = {Massimo Ancona and Walter Cazzola and Sara Drago and Gianluca Quercini},
  title = {{Visualizing and Managing Network Topologies via Rectangular Dualization}},
  editor = {},
  booktitle = {Proceedings of the IEEE Symposium on Computers and Communications (ISCC'06)},
  number = {},
  series = {},
  year = 2006,
  address = {Pula, Sardinia, Italy},
  organization = {},
  publisher = {},
  pages = {1000-1005},
  month = "on 26th-29th " # jun,
  note = {}
}

@INPROCEEDINGS{Cazzola06d,
  author = {Ancona, Massimo and Cappello, Marco and Casamassima, Marco and Cazzola, Walter and Conte, Davide and Pittore, Massimiliano and Quercini, Gianluca and Scagliola, Naomi and Villa, Matteo},
  title = {{Mobile Vision and Cultural Heritage: the Agamemnon Project}},
  booktitle = {{Proceedings of the 1\textsuperscript{st} International Workshop on Mobile Vision}},
  year = 2006,
  editor = {Schiele, Bernt and van Gool, Luc and Paletta, Lucas},
  pages = {},
  address = {Graz, Austria},
  organization = {},
  publisher = {},
  volume = {},
  number = {},
  series = {},
  month = "on 13th of " # may,
  note = {}
}

@INPROCEEDINGS{Cazzola06e,
  author = {Cazzola, Walter and Ghoneim, Ahmed and Saake, Gunter},
  title = {{Viewpoint for Maintaining UML Models against Application Changes}},
  booktitle = {{Proceedings of International Conference on Software and Data Technologies (ICSOFT 2006)}},
  year = 2006,
  editor = {Filipe, Joaquim and Helfert, Markus and Shishkov, Boris},
  pages = {263-268},
  address = {Set\'ubal, Portugal},
  organization = {},
  publisher = {Springer},
  volume = {},
  number = {},
  series = {},
  isbn = {978-8865-69-4},
  month = "on 11th-14th of " # sep,
  note = {}
}

@INPROCEEDINGS{Cazzola06f,
  author = {Walter Cazzola and Sonia Pini and Massimo Ancona},
  title = {{Design-Based Pointcuts Robustness Against Software Evolution}},
  editor = {Cazzola, Walter and Chiba, Shigeru and Coady, Yvonne and Saake, Gunter},
  booktitle = {Proceedings of the 3\textsuperscript{rd} ECOOP Workshop on Reflection, AOP and Meta-Data for Software Evolution (RAM-SE'06)},
  number = {},
  series = {in 20\textsuperscript{th} European Conference on Object-Oriented Programming (ECOOP'06)},
  year = 2006,
  address = {Nantes, France},
  organization = {},
  publisher = {},
  pages = {35-45},
  month = "on 2nd of " # jul,
  note = {}
}

@INPROCEEDINGS{Cazzola06g,
  author = {Cazzola, Walter and Pini, Sonia},
  title = {{Join Point Patterns: a High-Level Join Point Selection Mechanism}},
  booktitle = {{MoDELS'06 Satellite Events Proceedings}},
  year = 2006,
  editor = {Kh{\"u}ne, Thomas},
  pages = {17-26},
  address = {Genova, Italy},
  organization = {},
  publisher = {Springer},
  volume = {},
  number = {},
  series = {Lecture Notes in Computer Science 4364},
  month = "on 1st of " # oct,
  note = {Best Paper Awards at the 9\textsuperscript{th} Aspect-Oriented Modeling Workshop}
}

@INPROCEEDINGS{Cazzola06h,
  author = {Kienzle, J{\"o}rg and Stein, Dominik and Cazzola, Walter and Gray, Jeff and Aldawud, Omar and Tzilla, Elrad},
  title = {{9\textsuperscript{th} International Workshop on Aspect-Oriented Modeling (Report)}},
  booktitle = {{MoDELS'06 Satellite Events Proceedings}},
  year = 2006,
  editor = {Kh{\"u}ne, Thomas},
  pages = {1-5},
  address = {Genova, Italy},
  organization = {},
  publisher = {Springer},
  volume = {},
  number = {},
  series = {Lecture Notes in Computer Science 4364},
  month = oct,
  note = {}
}

@INPROCEEDINGS{Cazzola06i,
  author = {Ancona, Massimo and Cazzola, Walter and Pini, Sonia and Alonso, Albert and Randall, Gary and Bekiaris, Vassilis and Frascio, Marco and Lovat, Eddie and Conconi, Alex and Sammartino, Luca and Tsagalis, Kostas},
  title = {{Informed Decision Making and Interoperability in Medicine: the Doc@Hand Experience}},
  booktitle = {{Proceedings of the 5\textsuperscript{th} International Conference on Information Technology in Biomedicine (ITAB 2006)}},
  year = 2006,
  editor = {},
  pages = {1-5},
  address = {Ioannina - Epirus, Greece},
  organization = {},
  publisher = {IEEE Press},
  volume = {},
  number = {},
  series = {},
  month = "26th-28th of " # oct ,
  note = {}
}

@BOOK{Cazzola06j,
  editor = {Cazzola, Walter and Chiba, Shigeru and Coady, Yvonne and Saake, Gunter},
  title = {{Proceedings of the 3\textsuperscript{rd} ECOOP Workshop on Reflection, AOP and Meta-Data for Software Evolution (RAM-SE'06)}},
  year = 2006,
  series = {},
  address = {},
  month = nov,
  publisher = {Fakult\"{a}t f\"{u}r Informatik, Otto-von-Guericke-Universit\"{a}t Magdeburg}
}

@INCOLLECTION{Cazzola06k,
  author = {Cazzola, Walter and Chiba, Shigeru and Coady, Yvonne and Saake, Gunter},
  title = {{AOSD and Reflection: Benefits and Drawbacks to Software Evolution}},
  editor = {Consel, Charles and S{\"u}dholt, Mario},
  booktitle = {{ECOOP'06 Workshop Reader}},
  series = {Lecture Notes in Computer Science 4379},
  publisher = {Springer-Verlag},
  address = {},
  edition = {},
  month = jul,
  year = 2006,
  pages = {40-52}
}

@ARTICLE{Cazzola06l,
  author = {Lorenzo Capra and Walter Cazzola},
  title = {{A Petri-Net Based Reflective Framework for the Evolution of Dynamic Systems}},
  editor = {Arbab, Farhad and Sirjani, Marjan},
  journal = {{Electronic Notes on Theoretical Computer Science}},
  year = 2006,
  volume = 159,
  number = {},
  pages = {41-59},
  month = may,
  note = {}
}

@INPROCEEDINGS{Cazzola06m,
  author = {Villa, Matteo and Ancona, Massimo and Cazzola, Walter},
  title = {{Agamemnon: A Multimedia Guide to Archaeological Sites on Mobile Phones}},
  booktitle = {{Proceedings of eChallenges (e2006)}},
  year = 2006,
  editor = {Cunningham, Paul and Cunningham, Miriam},
  pages = {1760-1768},
  address = {Barcelona, Spain},
  organization = {},
  publisher = {IOS Press},
  volume = {},
  number = {},
  series = {},
  month = oct,
  isbn = {1-58603-682-3},
  note = {}
}

@INPROCEEDINGS{Cazzola07,
  author = {Cazzola, Walter and Pini, Sonia and Ghoneim, Ahmed and Saake, Gunter},
  title = {{Co-Evolving Application Code and Design Models by Exploiting Meta-Data}},
  editor = {},
  booktitle = {Proceedings of the 22\textsuperscript{nd} Annual ACM Symposium on Applied Computing (SAC'07)},
  number = {},
  series = {},
  year = 2007,
  address = {Seoul, South Korea},
  organization = {},
  publisher = {ACM Press},
  pages = {1275-1279},
  month = "on 11th-15th of " # mar,
  note = {}
}

@TECHREPORT{Cazzola07b,
  author = {Walter Cazzola and Alessandro Marchetto},
  title = {{{\fontfamily{pag}\selectfont AOP\textcolor{red}{\ding{229}}HiddenMetrics}}},
  institution = {{Universit\`a degli Studi di Milano}},
  year = 2007,
  type = {{Technical Report}},
  number = {TR 19-07},
  address = {Milano, Italy},
  month = jun,
  note = {}
}

@INPROCEEDINGS{Cazzola07c,
  author = {Walter Cazzola and Sonia Pini},
  title = {{AOP vs Software Evolution: a Score in Favor of the Blueprint}},
  editor = {Cazzola, Walter and Chiba, Shigeru and Coady, Yvonne and Ducasse, St\'ephane and Kniesel, G\"unter and Oriol, Manuel and Saake, Gunter},
  booktitle = {Proceedings of the 4\textsuperscript{th} ECOOP Workshop on Reflection, AOP and Meta-Data for Software Evolution (RAM-SE'07)},
  number = {},
  series = {in 21\textsuperscript{st} European Conference on Object-Oriented Programming (ECOOP'07)},
  year = 2007,
  address = {Berlin, Germany},
  organization = {},
  publisher = {},
  pages = {81-91},
  month = "on 30th of " # jul,
  note = {}
}

@ARTICLE{Cazzola07d,
  author = {Cazzola, Walter and Pini, Sonia},
  title = {{On the Footprints of Join Points: The Blueprint Approach}},
  journal = {{Journal of Object Technology}},
  year = 2007,
  volume = 6,
  number = 7,
  pages = {167-192},
  month = aug,
  note = {}
}

@ARTICLE{Cazzola07e,
  author = {Lorenzo Capra and Walter Cazzola},
  title = {{Self-Evolving Petri Nets}},
  journal = {{Journal of Universal Computer Science}},
  year = 2007,
  volume = 13,
  number = 13,
  pages = {2002-2034},
  month = dec,
  note = {}
}

@INPROCEEDINGS{Cazzola07f,
  author = {Capra, Lorenzo and Cazzola, Walter},
  title = {{A Reflective PN-based Approach to Dynamic Workflow Change}},
  booktitle = {{Proceedings of the 9\textsuperscript{th} International Symposium in Symbolic and Numeric Algorithms for Scientific Computing (SYNASC'07)}},
  year = 2007,
  editor = {},
  pages = {533-540},
  address = {Timi\c{s}oara, Romania},
  organization = {IEEE},
  publisher = {},
  volume = {},
  number = {},
  series = {},
  month = "on 26th-29th of "# sep,
  note = {}
}

@ARTICLE{Cazzola07g,
  author = {Cazzola, Walter and Gray, Jeff and Stein, Dominik and Kienzle, J\"org and Elrad, Tzilla and Aldawud (Eds), Omar},
  title = {{Special Issue on Aspect-Oriented Modeling}},
  journal = {{Journal of Object Technology}},
  year = 2007,
  volume = 6,
  number = 7,
  publisher = {ETH Zürich, Chair of SW Engineering},
  pages = {},
  month = aug,
  note = {}
}

@ARTICLE{Cazzola07h,
  author = {Cazzola, Walter and Chiba, Shigeru and Saake (Eds), Gunter},
  title = {{Special Issue on Software Evolution}},
  journal = {{Transaction on Aspect-Oriented SW Development}},
  year = 2007,
  volume = 1,
  number = 4,
  publisher = {Springer},
  pages = {},
  month = oct,
  note = {Printed on Lecture Notes on Computer Science 4640}
}

@BOOK{Cazzola07i,
  editor = {Cazzola, Walter and Chiba, Shigeru and Coady, Yvonne and Ducasse, St\'ephane and Kniesel, G\"unter and Oriol, Manuel and Saake, Gunter},
  title = {{Proceedings of the 4\textsuperscript{th} ECOOP Workshop on Reflection, AOP and Meta-Data for Software Evolution (RAM-SE'07)}},
  year = 2007,
  series = {},
  address = {},
  month = nov,
  publisher = {Fakult\"{a}t f\"{u}r Informatik, Otto-von-Guericke-Universit\"{a}t Magdeburg}
}

@INPROCEEDINGS{Cazzola07j,
  author = {Kienzle, J{\"o}rg and Gray, Jeff and Stein, Dominik and Cazzola, Walter and Aldawud, Omar and Tzilla, Elrad},
  title = {{11\textsuperscript{th} International Workshop on Aspect-Oriented Modeling (Report)}},
  booktitle = {{MoDELS 2007 Workshops}},
  year = 2007,
  editor = {Giese, Holger},
  pages = {1-6},
  address = {Nashville, TN, USA},
  organization = {},
  publisher = {Springer},
  volume = {},
  number = {},
  series = {Lecture Notes in Computer Science 5002},
  month = sep,
  note = {}
}

@INPROCEEDINGS{Cazzola08,
  author = {Capra, Lorenzo and Cazzola, Walter},
  title = {{Evolutionary Design through Reflective Petri Nets: an Application to Workflow}},
  booktitle = {{Proceedings of the 26\textsuperscript{th} IASTED International Conference on Software Engineering (SE'08)}},
  year = 2008,
  editor = {},
  pages = {200-207},
  address = {Innsbruck, Austria},
  organization = {},
  publisher = {ACTA Press},
  volume = {},
  number = {},
  series = {},
  isbn = {978-0-88986-715-4},
  month =  "on 12th-14th of "# feb,
  note = {}
}

@INCOLLECTION{Cazzola08b,
  author = {Oriol, Manuel and Cazzola, Walter and Chiba, Shigeru and Saake, Gunter and Coady, Yvonne and Ducasse, St\'ephane and Kniesel, G\"unter},
  title = {{Enabling Software Evolution via AOP and Reflection}},
  editor = {Cebulla, Michael},
  booktitle = {{ECOOP'07 Workshop Reader}},
  series = {Lecture Notes in Computer Science 4906},
  publisher = {Springer-Verlag},
  address = {},
  edition = {},
  month = feb,
  year = 2008,
  pages = {91-98}
}

@INPROCEEDINGS{Cazzola08c,
  author = {Figueiredo, Eduardo and Sant'Anna, Cl\'audio and Garcia, Alessandro and Bartolomei, Thiago T. and Cazzola, Walter and Marchetto, Alessandro},
  title = {{On the Maintainability of Aspect-Oriented Software: A Concern-Oriented Measurement Framework}},
  booktitle = {{Proceedings of the 12\textsuperscript{th} European Conference on Software Maintenance and Reengineering (CSMR 2008)}},
  year = 2008,
  editor = {Tjortjis, Christos and Winter, Andreas},
  pages = {183-192},
  address = {Athens, Greece},
  organization = {},
  publisher = {IEEE Press},
  volume = {},
  number = {},
  series = {},
  month = "on 1st-4th of " # apr,
  note = {}
}

@ARTICLE{Cazzola08d,
  author = {Cazzola, Walter and Marchetto, Alessandro},
  title = {{{\fontfamily{pag}\selectfont AOP\textcolor{red}{\ding{229}}HiddenMetrics}: Separation, Extensibility and Adaptability in SW Measurement}},
  journal = {{Journal of Object Technology}},
  year = 2008,
  volume = 7,
  number = 2,
  pages = {53-68},
  month = feb,
  note = {}
}

@TECHREPORT{Cazzola08e,
  author = {Ancona, Massimo and Cazzola, Walter and Pini, Sonia},
  title = {{The Health Care Factory}},
  institution = {{Department of Informatics and Communication, University of Milan}},
  year = 2008,
  type = {Technical Report},
  number = {RT 25-08},
  address = {Milan, Italy},
  month = apr,
  note = {}
}

@TECHREPORT{Cazzola08f,
  author = {Cazzola, Walter and Pini, Sonia},
  title = {{Jigsaw: Information System Composition through a Self-Adaptable Interface}},
  institution = {{Department of Informatics and Communication, University of Milan}},
  year = 2008,
  type = {Technical Report},
  number = {RT 26-08},
  address = {Milan, Italy},
  month = apr,
  note = {}
}

@BOOK{Cazzola08g,
  editor = {Cazzola, Walter and Chiba, Shigeru and Oriol, Manuel and Saake, Gunter},
  title = {{Proceedings of the 5\textsuperscript{th} ECOOP Workshop on Reflection, AOP and Meta-Data for Software Evolution (RAM-SE'08)}},
  year = 2008,
  series = {},
  address = {},
  month = dec,
  publisher = {Fakult\"{a}t f\"{u}r Informatik, Otto-von-Guericke-Universit\"{a}t Magdeburg}
}

@INPROCEEDINGS{Cazzola09,
  author = {Cazzola, Walter and Colombo, Diego and Harrison, Duncan},
  title = {{Aspect-Oriented Procedural Content Engineering for Game Design}},
  booktitle = {{Proceedings of the 24\textsuperscript{th} Annual ACM Symposium on Applied Computing (SAC'09)}},
  year = 2009,
  editor = {},
  pages = {1957-1962},
  address = {Honolulu, Hawai'i, USA},
  organization = {ACM},
  publisher = {},
  volume = {},
  number = {},
  series = {},
  month = "on 8th-12th of " # mar,
  note = {}
}

@INCOLLECTION{Cazzola09b,
  author = {Capra, Lorenzo and Cazzola, Walter},
  editor = {Abu-Taieh, Evon M. O. and El Sheikh, Asim A.},
  title = {{An Introduction to Reflective Petri Nets}},
  booktitle = {{Handbook of Research on Discrete Event Simulation Environments: Technologies and Applications}},
  publisher = {IGI Global},
  year = 2009,
  chapter = 9,
  pages = {191-217},
  address = {},
  volume = {},
  number = {},
  series = {},
  type = {},
  edition = {},
  month = nov,
  isbn = {978-1-60566-774-4},
  note = {}
}

@INCOLLECTION{Cazzola09c,
  author = {Capra, Lorenzo and Cazzola, Walter},
  editor = {Abu-Taieh, Evon M. O. and El Sheikh, Asim A.},
  title = {{Trying out Reflective Petri Nets on a Dynamic Workflow Case}},
  booktitle = {{Handbook of Research on Discrete Event Simulation Environments: Technologies and Applications}},
  publisher = {IGI Global},
  year = 2009,
  chapter = 10,
  pages = {218-233},
  address = {},
  volume = {},
  number = {},
  series = {},
  type = {},
  edition = {},
  month = nov,
  isbn = {978-1-60566-774-4},
  note = {}
}

@INPROCEEDINGS{Cazzola09d,
  author = {Walter Cazzola and Stefano Salvotelli},
  title = {{Recognizing Join Points from their Context through Graph Grammars}},
  booktitle = {{Proceedings of the 13\textsuperscript{th} Aspect-Oriented Modeling Workshop (AOM'09)}},
  year = 2009,
  editor = {},
  pages = {37-42},
  address = {Charlottesville, Virginia, USA},
  organization = {},
  publisher = {ACM},
  volume = {},
  number = {},
  series = {},
  month = "on 2nd of "#mar,
  note = {}
}

@INPROCEEDINGS{Cazzola09e,
  author = {Walter Cazzola and Ivan Speziale},
  title = {{Sectional Domain Specific Languages}},
  booktitle = {{Proceedings of the 4\textsuperscript{th} Domain Specific Aspect-Oriented Languages (DSAL'09)}},
  year = 2009,
  editor = {},
  pages = {11-14},
  address = {Charlottesville, Virginia, USA},
  organization = {},
  publisher = {ACM},
  volume = {},
  number = {},
  series = {},
  month = "on 3rd of "#mar,
  note = {}
}

@INPROCEEDINGS{Cazzola09f,
  author = {Capra, Lorenzo and Cazzola, Walter},
  title = {{Evolving System's Modeling and Simulation through Reflective Petri Nets}},
  booktitle = {{Proceedings of the 4\textsuperscript{th} International Conference on Evaluation of Novel Approaches to Software Engineering (ENASE'09)}},
  year = 2009,
  editor = {Jablonski, Stefan and Maciaszek, Leszek},
  pages = {59-70},
  address = {Milan, Italy},
  organization = {},
  publisher = {INSTICC Press},
  volume = {},
  number = {},
  series = {},
  month = "on 9th-10th of "#may,
  isbn = {978-989-8111-98-2},
  note = {}
}

@INCOLLECTION{Cazzola09g,
  author = {Oriol, Manuel and Cazzola, Walter and Chiba, Shigeru and Saake, Gunter},
  title = {{Getting Farther on Software Evolution via AOP and Reflection}},
  editor = {Eugster, Patrick},
  booktitle = {{ECOOP'08 Workshop Reader}},
  series = {Lecture Notes in Computer Science 5475},
  publisher = {Springer-Verlag},
  address = {},
  edition = {},
  month = mar,
  year = 2009,
  pages = {63-69},
  note = {}
}

@INPROCEEDINGS{Cazzola09h,
  author = {Pukall, Mario and Siegmund, Norbert and Cazzola, Walter},
  title = {{Feature-Oriented Runtime Adaptation}},
  booktitle = {{Proceedings of ESEC/FSE Workshop on Software INTegration and Evolution @ Runtime (SINTER'09)}},
  year = 2009,
  editor = {},
  pages = {33-36},
  address = {Amsterdam, The Netherlands},
  organization = {},
  publisher = {ACM},
  volume = {},
  number = {},
  series = {},
  month = "on 25th of "#aug,
  isbn = {978-1-60558-681-6},
  note = {}
}

@INPROCEEDINGS{Cazzola09i,
  author = {Cazzola, Walter},
  title = {{Cogito, Ergo Muto!}},
  booktitle = {{Proceedings of the Workshop on Self-Organizing Architecture (SOAR'09)}},
  year = 2009,
  editor = {Weyns, Danny and Malek, Sam and de Lemos, Rog\'erio and Andersson, Jesper},
  pages = {1-7},
  address = {Cambridge, United Kingdom},
  organization = {},
  publisher = {},
  volume = {},
  number = {},
  series = {},
  month = "on 14th of "#sep,
  note = {Invited Paper}
}

@TECHREPORT{Cazzola09j,
  author = {Pukall, Mario and K{\"a}stner, Christian and G{\"o}tz, Sebastian and Cazzola, Walter and Saake, Gunter},
  title = {{Flexible Runtime Program Adaptations in Java -- A Comparison}},
  institution = {Fakult{\"a}t f{\"u}r Informatik, Universit{\"a}t Magdeburg},
  year = 2009,
  type = {Technical Report},
  number = 14,
  address = {Magdeburg, Germany},
  month = nov,
  note = {}
}

@INPROCEEDINGS{Cazzola10,
  author = {Kienzle, J\"org and Gray, Jeff and Stein, Dominik and Cottenier, Thomas and Cazzola, Walter and Aldawud, Omar},
  title = {{Report of the 14\textsuperscript{th} International Workshop on Aspect-Oriented Modeling}},
  booktitle = {MODELS 2009 Workshops},
  year = 2010,
  editor = {Ghosh, Sudipto},
  pages = {98--103},
  address = {Denver, Colorado, USA},
  organization = {},
  publisher = {Springer},
  volume = {Lecture Notes in Computer Science 6002},
  number = {},
  series = {},
  month = feb,
  note = {}
}

@INPROCEEDINGS{Cazzola10b,
  author = {Cazzola, Walter and Poletti, Davide},
  title = {{DSL Evolution through Composition}},
  booktitle = {{Proceedings of the 7\textsuperscript{th} ECOOP Workshop on Reflection, AOP and Meta-Data for Software Evolution (RAM-SE'10)}},
  year = 2010,
  editor = {},
  pages = {},
  address = {Maribor, Slovenia},
  organization = {},
  publisher = {ACM},
  volume = {},
  number = {},
  series = {},
  month = "on 23rd of "#jun,
  note = {}
}

@INPROCEEDINGS{Cazzola10c,
  author = {Capra, Lorenzo and Cazzola, Walter},
  title = {{(Symbolic) State-Space Inspection of a Class of Dynamic Petri Nets}},
  booktitle = {{Proceedings of the Summer Computer Simulation Conference (SCSC'10)}},
  year = 2010,
  editor = {},
  pages = {522-530},
  address = {Ottawa, Canada},
  organization = {},
  publisher = {ACM},
  volume = {},
  number = {},
  series = {},
  month = "on 11th-14th of "#jul,
  note = {}
}

@INPROCEEDINGS{Cazzola11,
  author = {Pukall, Mario and Grebhahn, Alexander and Schr{\"o}ter, Reimar and K{\"a}stner, Christian and Cazzola, Walter and G{\"o}tz, Sebastian},
  title = {{JavAdaptor: Unrestricted Dynamic Software Updates for Java}},
  booktitle = {Proceedings of the 33\textsuperscript{rd} International Conference on Software Engineering (ICSE'11)},
  year = 2011,
  editor = {},
  pages = {989-991},
  address = {Waikiki, Honolulu, Hawaii},
  organization = {},
  publisher = {IEEE},
  volume = {},
  number = {},
  series = {},
  month = "on 21st-28th of "#may,
  note = {}
}

@INPROCEEDINGS{Cazzola11b,
  author = {Gray, Jeff and Stein, Dominik and Kienzle, J{\"o}rg and Cazzola, Walter},
  title = {{Report of the 15\textsuperscript{th} International Workshop on Aspect-Oriented Modeling}},
  booktitle = {{MoDELS 2010 Workshops}},
  year = 2011,
  editor = {},
  pages = {105-109},
  address = {Oslo, Norway},
  organization = {},
  publisher = {Springer},
  volume = {},
  number = {},
  series = {Lecture Notes in Computer Science 6627},
  month = feb,
  note = {}
}

@INCOLLECTION{Cazzola11c,
  author = {Ancona, Massimo and Cazzola, Walter and Pini, Sonia and Frascio, Marco},
  editor = {Gasmelseid, Tajelsir Mohamed},
  title = {{The Health Care Factory}},
  booktitle = {{Handbook of Research on Pharmacoinformatics}},
  chapter = 12,
  pages = {202-219},
  publisher = {IGI Global},
  year = 2012,
  address = {},
  volume = {},
  number = {},
  series = {},
  type = {},
  edition = {},
  month = mar,
  doi = {10.4018/978-1-4666-0309-7.ch012},
  isbn13 = {9781466603097},
  isbn10 = {1466603097},
  isbn   = {9781466603097},
  note = {}
}

@INPROCEEDINGS{Cazzola12,
  author = {Liu, Ying and Cazzola, Walter and Zhang, Bin},
  title = {{Towards a Colored Reflective Petri-Net Approach to Model Self-Evolving Service-Oriented Architectures}},
  booktitle = {{Proceedings of the 27\textsuperscript{th} Annual ACM Symposium on Applied Computing (SAC'12)}},
  year = 2012,
  editor = {},
  pages = {1858-1865},
  address = {Riva del Garda, Trento, Italy},
  organization = {},
  publisher = {ACM},
  volume = {},
  number = {},
  series = {},
  month = "26th-30th of "#mar,
  note = {}
}

@ARTICLE{Cazzola12b,
  author = {Pukall, Mario and K\"astner, Christian and Cazzola, Walter and G\"otz, Sebastian and Grebhahn, Alexander and Sch\"oter, Reimar and Saake, Gunter},
  title = {{JavAdaptor---Flexible Runtime Updates of Java Applications}},
  journal = {{Software---Practice and Experience}},
  publisher = {Wiley},
  year = 2013,
  volume = 43,
  number = 2,
  pages = {153-185},
  month = feb,
  doi = {10.1002/spe.2107},
  note = {}
}

@INPROCEEDINGS{Cazzola12c,
  author = {Cazzola, Walter},
  title = {{Domain-Specific Languages in Few Steps: The Neverlang Approach}},
  booktitle = {{Proceedings of the 11\textsuperscript{th} International Conference on Software Composition (SC'12)}},
  year = 2012,
  editor = {Gschwind, Thomas and De Paoli, Flavio and Gruhn, Volker and Book, Matthias},
  pages = {162-177},
  address = {Prague, Czech Republic},
  organization = {},
  publisher = {Springer},
  volume = {},
  number = {},
  series = {Lecture Notes in Computer Science 7306},
  month = "31st of "#may#"-1st of "#jun,
  note = {}
}

@INPROCEEDINGS{Cazzola12d,
  author = {Cazzola, Walter and Vacchi, Edoardo},
  title = {{DEXTER and Neverlang: A Union Towards Dynamicity}},
  booktitle = {{Proceedings of the 7\textsuperscript{th} Workshop on the Implementation, Compilation, Optimization of Object-Oriented Languages, Programs and Systems (ICOOOLPS'12)}},
  year = 2012,
  editor = {Jul, Eric and Rogers, Ian and Zendra, Olivier},
  pages = {},
  address = {Beijing, China},
  organization = {},
  publisher = {ACM},
  volume = {},
  number = {},
  series = {},
  month = 11#"th of "#jun,
  note = {}
}

@INPROCEEDINGS{Cazzola13,
  author = {Cazzola, Walter and Vacchi, Edoardo},
  title = {{Fine-Grained Annotations for Pointcuts with a Finer Granularity}},
  booktitle = {{Proceedings of the 28\textsuperscript{th} Annual ACM Symposium on Applied Computing (SAC'13)}},
  year = 2013,
  editor = {},
  pages = {1709-1714},
  address = {Coimbra, Portugal},
  organization = {},
  publisher = {ACM Press},
  volume = {},
  number = {},
  series = {},
  month = "18th-22nd of "#mar,
  note = {}
}

@INPROCEEDINGS{Cazzola13b,
  author = {Cazzola, Walter and Vacchi, Edoardo},
  title = {{@Java: Annotations in Freedom}},
  booktitle = {{Proceedings of the 28\textsuperscript{th} Annual ACM Symposium on Applied Computing (SAC'13)}},
  year = 2013,
  editor = {},
  pages = {1691-1696},
  address = {Coimbra, Portugal},
  organization = {},
  publisher = {ACM Press},
  volume = {},
  number = {},
  series = {},
  month = "18th-22nd of "#mar,
  note = {}
}

@INPROCEEDINGS{Cazzola13c,
  author = {Gonz\'alez, Sebasti\'an and Mens, Kim and Col\u{a}cioiu, Marius and Cazzola, Walter},
  title = {{Context Traits: Dynamic Behaviour Adaptation through Run-Time Trait Recomposition}},
  booktitle = {{Proceedings of the 12th International Conference on Aspect-Oriented Software Development (AOSD'13)}},
  year = 2013,
  editor = {Kienzle, J{\"o}rg},
  pages = {209-220},
  address = {Fukuoka, Japan},
  organization = {},
  publisher = {ACM},
  volume = {},
  number = {},
  series = {},
  month = "24th-29th of "#mar,
  note = {}
}

@INCOLLECTION{Cazzola13d,
  author = {Cazzola, Walter and Rossini, Nicole Alicia and Bennett, Phillipa and Pradeep Mandalaparty, Sai and France, Robert B.},
  title = {{Fine-Grained Semi-Automated Runtime Evolution}},
  booktitle = {{MoDELS@Run-Time}},
  publisher = {Springer},
  year = 2014,
  chapter = {},
  pages = {237--258},
  address = {},
  editor = {Bencomo, Nelly and Chang, Betty and France, Robert B. and A{\ss}mann, Uwe},
  volume = {},
  number = {},
  series = {Lecture Notes in Computer Science 8378},
  type = {},
  edition = {},
  month = aug,
  note = {}
}

@INPROCEEDINGS{Cazzola13e,
  author = {Cazzola, Walter and Vacchi, Edoardo},
  title = {{Neverlang 2: Componentised Language Development for the JVM}},
  booktitle = {{Proceedings of the 12\textsuperscript{th} International Conference on Software Composition (SC'13)}},
  year = 2013,
  editor = {Binder, Walter and Bodden, Eric and L\"owe, Welf},
  pages = {17--32},
  address = {Budapest, Hungary},
  organization = {},
  publisher = {Springer},
  volume = {},
  number = {},
  series = {Lecture Notes in Computer Science 8088},
  month = 19#"th of "#jun,
  note = {}
}

@INPROCEEDINGS{Cazzola13f,
  author = {Cazzola, Walter and Rossini, Nicole Alicia and Al-Refai, Mohammed and France, Robert B.},
  title = {{Fine-Grained Software Evolution using UML Activity and Class Models}},
  booktitle = {{Proceedings of the 16\textsuperscript{th} International Conference on Model Driven Engineering Languages and Systems (MoDELS'13)}},
  year = 2013,
  editor = {Moreira, Ana and Sch{\"a}tz, Bernhard},
  pages = {271--286},
  address = {Miami, FL, USA},
  organization = {},
  publisher = {Springer},
  volume = {},
  number = {},
  series = {Lecture Notes in Computer Science 8107},
  month = "29th of "#sep#"-4th of "#oct,
  note = {}
}

@INPROCEEDINGS{Cazzola13g,
  author = {Vacchi, Edoardo and Cazzola, Walter and Pillay, Suresh and Combemale, Beno{\^\i}t},
  title = {{Variability Support in Domain-Specific Language Development}},
  booktitle = {{Proceedings of 6\textsuperscript{th} International Conference on Software Language Engineering (SLE'13)}},
  year = 2013,
  editor = {Erwig, Martin and Paige, Richard F. and Van Wyk, Eric},
  pages = {76--95},
  address = {Indianapolis, USA},
  organization = {},
  publisher = {Springer},
  volume = {},
  number = {},
  series = {Lecture Notes on Computer Science 8225},
  month = "27th-28th of "#oct,
  note = {}
}

@INCOLLECTION{Cazzola13h,
  author = {Cazzola, Walter},
  title = {{Evolution as «Reflections on the Design»}},
  booktitle = {{MoDELS@Run-Time}},
  publisher = {Springer},
  year = 2014,
  chapter = {},
  pages = {259--278},
  address = {},
  editor = {Bencomo, Nelly and Chang, Betty and France, Robert B. and A{\ss}mann, Uwe},
  volume = {},
  number = {},
  series = {Lecture Notes in Computer Science 8378},
  type = {},
  edition = {},
  month = aug,
  note = {}
}

@INCOLLECTION{Cazzola13i,
  author = {Bennaceur, Amel and France, Robert and Tamburrelli, Giordano and Vogel, Thomas and Mosterman, Pieter J. and Cazzola, Walter and Costa, Fabio M. and Pierantonio, Alfonso and Tichy, Matthias and Ak\c{s}it, Mehmet and Emmanuelson, P\"ar and Gang, Huang and Georgantas, Nikolaos and Redlich, David},
  title = {{Mechanisms for Leveraging Models at Runtime in Self-Adaptive Software}},
  booktitle = {{MoDELS@Run-Time}},
  publisher = {Springer},
  year = 2014,
  chapter = {},
  pages = {19--46},
  address = {},
  editor = {Bencomo, Nelly and Chang, Betty and France, Robert B. and A{\ss}mann, Uwe},
  volume = {},
  number = {},
  series = {Lecture Notes in Computer Science 8378},
  type = {},
  edition = {},
  month = aug,
  note = {}
}

@INPROCEEDINGS{Cazzola14,
  author = {Al-Refai, Mohammed and Cazzola, Walter and France, Robert B.},
  title = {{Using Models to Dynamically Refactor Runtime Code}},
  booktitle = {{Proceedings of the 29\textsuperscript{th} Annual ACM Symposium on Applied Computing (SAC'14)}},
  year = 2014,
  editor = {},
  pages = {1108--1113},
  address = {Gyeongju, South Korea},
  organization = {ACM},
  publisher = {},
  volume = {},
  number = {},
  series = {},
  month = "24th-28th of "#mar,
  note = {}
}

@ARTICLE{Cazzola14b,
  author = {Cazzola, Walter and Vacchi, Edoardo},
  title = {{@Java: Bringing a Richer Annotation Model to Java}},
  journal = {{Computer Languages, Systems \& Structures}},
  publisher = {Elsevier},
  year = 2014,
  volume = 40,
  number = 1,
  pages = {2--18},
  month = apr,
  doi = {10.1016/j.cl.2014.02.002},
  note = {}
}

@INPROCEEDINGS{Cazzola14c,
  author = {Vacchi, Edoardo and Olivares, Diego Mathias and Shaqiri, Albert and Cazzola, Walter},
  title = {{Neverlang 2: A Framework for Modular Language Implementation}},
  booktitle = {{Proceedings of the 13th International Conference on Modularity (Modularity'14)}},
  year = 2014,
  editor = {},
  pages = {23-26},
  address = {Lugano, Switzerland},
  organization = {},
  publisher = {ACM},
  volume = {},
  number = {},
  series = {},
  month = "22nd-25th of "#apr,
  note = {}
}

@ARTICLE{Cazzola14d,
  author = {Cazzola, Walter and Vacchi, Edoardo},
  title = {{On the Incremental Growth and Shrinkage of LR Goto-Graphs}},
  journal = acta,
  publisher = {Springer},
  year = 2014,
  volume = 51,
  number = 7,
  pages = {419--447},
  month = oct,
  doi = {10.1007/s00236-014-0201-2},
  note = {}
}

@INPROCEEDINGS{Cazzola14e,
  author = {Vacchi, Edoardo and Cazzola, Walter and Combemale, Beno{\^\i}t and Acher, Mathieu},
  title = {{Automating Variability Model Inference for Component-Based Language Implementations}},
  booktitle = {{Proceedings of the 18th International Software Product Line Conference (SPLC'14)}},
  year = 2014,
  editor = {Heymans, Patrick and Rubin, Julia},
  pages = {167--176},
  address = {Florence, Italy},
  organization = {},
  publisher = {ACM},
  volume = {},
  number = {},
  series = {},
  month = "15th-19th of "#sep,
  note = {}
}

@ARTICLE{Cazzola15,
  author = {Cazzola, Walter and Marchetto, Alessandro},
  title = {{A Concern-Oriented Framework for Dynamic Measurements}},
  journal = {{Information and Software Technology}},
  publisher = {Elsevier},
  year = 2015,
  volume = 57,
  number = {},
  pages = {32--51},
  month = jan,
  note = {}
}

@INPROCEEDINGS{Cazzola15b,
  author = {Chitchyan, Ruzanna and Cazzola, Walter and Rashid, Awais},
  title = {{Engineering Sustainability through Language}},
  booktitle = {{Proceedings of the 37th International Conference on Software Engineering (ICSE'15)}},
  year = 2015,
  editor = {},
  pages = {501--504},
  address = {Firenze, Italy},
  organization = {},
  publisher = {IEEE},
  volume = {},
  number = {},
  series = {},
  month = "16th-24th of "#may,
  note = {Track on Software Engineering in Society}
}

@ARTICLE{Cazzola15c,
  author = {Vacchi, Edoardo and Cazzola, Walter},
  title = {{Neverlang: A Framework for Feature-Oriented Language Development}},
  journal = {{Computer Languages, Systems \& Structures}},
  publisher = {Elsevier},
  year = 2015,
  volume = 43,
  number = 3,
  pages = {1--40},
  month = oct,
  doi = {10.1016/j.cl.2015.02.001},
  note = {}
}

@INPROCEEDINGS{Cazzola15d,
  author = {Paterson, James and Law, Robert and Cazzola, Walter and Malchiodi, Dario and Karhu, Markku and Illina, Irina and Maximiano, Marisa and Silva, Catarina},
  title = {{Experience of an International Collaborative Project with First Year Programming Students}},
  booktitle = {{Proceedings of the IEEE 39th Annual Computer Software and Applications Conference (COMPSAC'15)}},
  year = 2015,
  editor = {},
  pages = {829--834},
  address = {Taichung, Taiwan},
  organization = {},
  publisher = {IEEE},
  volume = {},
  number = {},
  series = {},
  month = "1st-5th of "#jul,
  note = {}
}

@INPROCEEDINGS{Cazzola15e,
  author = {Cazzola, Walter and Olivares, Diego Mathias},
  title = {{Gradually Learning Programming Supported by a Growable Programming Language}},
  booktitle = {{Proceedings of the IEEE 39th Annual Computer Software and Applications Conference (COMPSAC'15)}},
  year = 2015,
  editor = {},
  pages = {857},
  address = {Taichung, Taiwan},
  organization = {},
  publisher = {IEEE},
  volume = {},
  number = {},
  series = {},
  month = "1st-5th of "#jul,
  note = {Extended Abstract}
}

@INPROCEEDINGS{Cazzola15f,
  author = {K\"uhn, Thomas and Cazzola, Walter and Olivares, Diego Mathias},
  title = {{Choosy and Picky: Configuration of Language Product Lines}},
  booktitle = {{Proceedings of the 19th International Software Product Line Conference (SPLC'15)}},
  year = 2015,
  editor = {Botterweck, Goetz and White, Jules},
  pages = {71--80},
  address = {Nashville, TN, USA},
  organization = {},
  publisher = {ACM},
  volume = {},
  number = {},
  series = {},
  month = "20th-24th of "#jul,
  note = {}
}

@INPROCEEDINGS{Cazzola15g,
  author = {Cazzola, Walter and Giannini, Paola and Shaqiri, Albert},
  title = {{Formal Attributes Traceability in Modular Language Development Frameworks}},
  booktitle = {{Proceedings of the 16th Italian Conference on Theoretical Computer Science (ICTCS'15)}},
  year = 2015,
  editor = {Aceto, Luca and Micali, Silvio},
  pages = {},
  address = {Firenze, Italy},
  organization = {},
  publisher = {},
  volume = {},
  number = {},
  series = {},
  month = "9th-11th of "#sep,
  note = {}
}

@ARTICLE{Cazzola16,
  author = {Cazzola, Walter and Olivares, Diego Mathias},
  title = {{Gradually Learning Programming Supported by a Growable Programming Language}},
  journal = {{IEEE Transactions on Emerging Topics in Computing}},
  year = 2016,
  volume = 4,
  number = 3,
  pages = {404--415},
  month = sep,
  doi = {10.1109/TETC.2015.2446192},
  note = {Special Issue on Emerging Trends in Education}
}

@INPROCEEDINGS{Cazzola16b,
  author = {Al-Refai, Mohammed and Cazzola, Walter and Ghosh, Sudipto and France, Robert},
  title = {{Using Models to Validate Unanticipated, Fine-Grained Adaptations at Runtime}},
  booktitle = {{Proceedings of the 17th IEEE International Symposium on High Assurance Systems Engineering (HASE'16)}},
  year = 2016,
  editor = {Waeselynck, Helene and Babiceanu, Radu},
  pages = {23--30},
  address = {Orlando, FL, USA},
  organization = {},
  publisher = {IEEE},
  volume = {},
  number = {},
  series = {},
  month = "7th-9th of "#jan,
  note = {}
}

@ARTICLE{Cazzola16c,
  author = {Cazzola, Walter and Vacchi, Edoardo},
  title = {{Language Components for Modular DSLs using Traits}},
  journal = {{Computer Languages, Systems \& Structures}},
  publisher = {Elsevier},
  year = 2016,
  volume = 45,
  number = {},
  pages = {16--34},
  month = apr,
  doi = {10.1016/j.cl.2015.12.001},
  note = {}
}

@INPROCEEDINGS{Cazzola16d,
  author = {Al-Refai, Mohammed and Ghosh, Sudipto and Cazzola, Walter},
  title = {{Model-based Regression Test Selection for Validating Runtime Adaptation of Software Systems}},
  booktitle = {{Proceedings of the 9th IEEE International Conference on Software Testing, Verification and Validation (ICST'16)}},
  year = 2016,
  editor = {Briand, Lionel and Khurshid, Sarfraz},
  pages = {288--298},
  address = {Chicago, IL, USA},
  organization = {},
  publisher = {IEEE},
  volume = {},
  number = {},
  series = {},
  month = "10th-15th of "#apr,
  note = {}
}

@INPROCEEDINGS{Cazzola16e,
  author = {Cazzola, Walter and Shaqiri, Albert},
  title = {{Modularity and Optimization in Synergy}},
  booktitle = {{Proceedings of the 15th International Conference on Modularity (Modularity'16)}},
  year = 2016,
  editor = {Batory, Don},
  pages = {70--81},
  address = {M\'alaga, Spain},
  organization = {},
  publisher = {ACM},
  volume = {},
  number = {},
  series = {},
  month = "14th-17th of "#mar,
  note = {}
}

@ARTICLE{Cazzola16f,
  author = {Gini, Rosa and Schuemie, Martijn and Brown, Jeffrey and Ryan, Patrick and Vacchi, Edoardo and Coppola, Massimo and Cazzola, Walter and Coloma, Preciosa and Berni, Roberto and Diallo, Gayo and Oliveira, Jos\'e Luis and Avillach, Paul and Trifir\`o, Gianluca and Rijnbeek, Peter and Bellentani, Mariadonata and van Der Lei, Johan and Klazinga, Niek and Sturkenboom, Miriam},
  title = {{Data Extraction and Management in Networks of Observational Health Care Databases for Scientific Research: A Comparison among EU-ADR, OMOP, Mini-Sentinel and MATRICE Strategies}},
  journal = {{The Journal for Electronic Health Data and Methods (eGEMs)}},
  year = 2016,
  volume = 4,
  number = 1,
  pages = {1189--1212},
  month = feb,
  doi = {10.13063/2327-9214.1189},
  note = {}
}

@INPROCEEDINGS{Cazzola16g,
  author = {Cazzola, Walter and Shaqiri, Albert},
  title = {{Dynamic Software Evolution through Interpreter Adaptation}},
  booktitle = {{Proceedings of the 15th International Conference on Modularity (Modularity'16)}},
  year = 2016,
  editor = {},
  pages = {16--19},
  address = {M\'alaga, Spain},
  organization = {},
  publisher = {ACM},
  volume = {},
  number = {},
  series = {},
  month = "14th-17th of "#mar,
  note = {}
}

@ARTICLE{Cazzola16h,
  author = {Cazzola, Walter and Giannini, Paola and Shaqiri, Albert},
  title = {{Formal Attributes Traceability in Modular Language Development Frameworks}},
  journal = {{Electronic Notes In Theoretical Computer Science}},
  publisher = {Elsevier},
  year = 2016,
  volume = 322,
  number = {},
  pages = {119--134},
  month = apr,
  doi = {doi.org/10.1016/j.entcs.2016.03.009},
  note = {}
}

@INPROCEEDINGS{Cazzola16i,
  author = {K\"uhn, Thomas and Cazzola, Walter},
  title = {{Apples and Oranges: Comparing Top-Down and Bottom-Up Language Product Lines}},
  booktitle = {{Proceedings of the 20th International Software Product Line Conference (SPLC'16)}},
  year = 2016,
  editor = {Rabiser, Rick and Xie, Bing},
  pages = {50--59},
  address = {Beijing, China},
  organization = {},
  publisher = {ACM},
  volume = {},
  number = {},
  series = {},
  month = "19th-23rd of "#sep,
  note = {}
}

@INPROCEEDINGS{Cazzola16j,
  author = {Cazzola, Walter and Jalili, Mehdi},
  title = {{Dodging Unsafe Update Points in Java Dynamic Updating Systems}},
  booktitle = {{Proceedings of the 27th International Symposium on Software Reliability Engineering (ISSRE'16)}},
  year = 2016,
  editor = {Romanovsky, Alexander and Troubitsyna, Elena},
  pages = {332--341},
  address = {Ottawa, Canada},
  organization = {IEEE},
  publisher = {},
  volume = {},
  number = {},
  series = {},
  month = "23rd-27th of "#oct,
  note = {}
}

@ARTICLE{Cazzola17,
  author = {Cazzola, Walter and Shaqiri, Albert},
  title = {{Open Programming Language Interpreters}},
  journal = {{The Art, Science, and Engineering of Programming Journal}},
  publisher = {{AOSA}},
  year = 2017,
  volume = 1,
  number = 2,
  pages = {5-1--5-34},
  month = apr,
  doi = {10.22152/programming-journal.org/2017/1/5},
  note = {}
}

@INPROCEEDINGS{Cazzola17b,
  author = {Al-Refai, Mohammed and Cazzola, Walter and Ghosh, Sudipto},
  title = {{A Fuzzy Logic Based Approach for Model-based Regression Test Selection}},
  booktitle = {{Proceedings of the 20\textsuperscript{th} International Conference on Model Driven Engineering Languages and Systems (MoDELS'17)}},
  year = 2017,
  editor = {Gray, Jeff and Kulkarni, Vinay},
  pages = {55--62},
  address = {Austin, TX, USA},
  organization = {},
  publisher = {IEEE},
  volume = {},
  number = {},
  series = {},
  month = "17th-22nd of "#sep,
  doi = {10.1109/MODELS.2017.17},
  note = {}
}

@ARTICLE{Cazzola17c,
  author = {Cazzola, Walter and Chitchyan, Ruzanna and Rashid, Awais and Shaqiri, Albert},
  title = {{$\mu$-DSU: A Micro-Language Based Approach to Dynamic Software Updating}},
  journal = {{Computer Languages, Systems \& Structures}},
  publisher = {Elsevier},
  year = 2018,
  volume = 51,
  number = {},
  pages = {71--89},
  month = jan,
  doi = {10.1016/j.cl.2017.07.003},
  note = {}
}

@ARTICLE{Cazzola17d,
  author = {Cazzola, Walter and Shaqiri, Albert},
  title = {{Context-Aware Software Variability through Adaptable Interpreters}},
  journal = {{IEEE Software}},
  publisher = {IEEE},
  year = 2017,
  volume = 34,
  number = 6,
  pages = {83--88},
  month = nov,
  doi = {10.1109/MS.2017.4121222},
  note = {Special Issue on Context Variability Modeling}
}

@ARTICLE{Cazzola17e,
  author = {Al-Refai, Mohammed and Ghosh, Sudipto and Cazzola, Walter},
  title = {{Supporting Inheritance Hierarchy Changes in Model-based Regression Test Selection}},
  journal = {{Software and Systems Modeling}},
  publisher = {Springer},
  year = 2019,
  volume = 18,
  number = 2,
  pages = {937--958},
  month = apr,
  doi = {10.1007/s10270-017-0636-3},
  note = {Special Issue on Model-Based Testing}
}

@INPROCEEDINGS{Cazzola18b,
  author = {K\"uhn, Thomas and Kassin, Ivo and Cazzola, Walter and A{\ss}mann, Uwe},
  title = {{Modular Feature-Oriented Graphical Editor Product Lines}},
  booktitle = {{Proceedings of the 22nd International Software Product Line Conference (SPLC'18)}},
  year = 2018,
  editor = {Borba, Paulo and Berger, Thorsten},
  pages = {76--86},
  address = {Gothenburg, Sweden},
  organization = {},
  publisher = {ACM},
  volume = {},
  number = {},
  series = {},
  month = "10th-14th of "#sep,
  note = {}
}

@ARTICLE{Cazzola18c,
  author = {Combemale, Beno{\^\i}t and Kienzle, J\"org and Mussbacher, Gunter and Barais, Olivier and Bousse, Erwan and Cazzola, Walter and Collet, Philippe and Degueule, Thomas and Heinrich, Robert and J\'ez\'equel, Jean-Marc and Leduc, Manuel and Mayerhofer, Tanja and Mosser, S\'ebastien and Sch\"ottle, Matthias and Strittmatter, Misha and Wortmann, Andreas},
  title = {{Concern-Oriented Language Development (COLD): Fostering Reuse in Language Engineering}},
  journal = {{Computer Languages, Systems \& Structures}},
  publisher = {Elsevier},
  year = 2018,
  volume = 54,
  number = {},
  pages = {139--155},
  month = dec,
  doi = {10.1016/j.cl.2018.05.004},
  note = {}
}

@INPROCEEDINGS{Cazzola19,
  author = {K\"uhn, Thomas and Cazzola, Walter and Pirritano Giampietro, Nicola and Poggi, Massimiliano},
  title = {{Piggyback IDE Support for Language Product Lines}},
  booktitle = {{Proceedings of the 23rd International Software Product Line Conference (SPLC'19)}},
  year = 2019,
  editor = {Th\"um, Thomas and Duchien, Laurence},
  pages = {131--142},
  address = {Paris, France},
  organization = {},
  publisher = {ACM},
  volume = {},
  number = {},
  series = {},
  month = "9th-13th of "#sep,
  note = {}
}

@INPROCEEDINGS{Cazzola20,
  author = {Favalli, Luca and K\"uhn, Thomas and Cazzola, Walter},
  title = {{Neverlang and FeatureIDE Just Married: Integrated Language Product Line Development Environment}},
  booktitle = {{Proceedings of the 24th International Software Product Line Conference (SPLC'20)}},
  year = 2020,
  editor = {Collet, Philippe and Nadi, Sarah},
  pages = {285--295},
  address = {Montr\'eal, Canada},
  organization = {},
  publisher = {ACM},
  volume = {},
  number = {},
  series = {},
  month = "19th-23rd of "#oct,
  note = {}
}

@ARTICLE{Cazzola21,
  author = {Cazzola, Walter and Ghosh, Sudipto and Al-Refai, Mohammed and Maurina, Gabriele},
  title = {{Bridging the Model-to-Code Abstraction Gap with Fuzzy Logic in Model-Based Regression Test Selection}},
  journal = {{Software and Systems Modeling}},
  publisher = {Springer},
  year = 2022,
  volume = 21,
  number = 1,
  pages = {207--224},
  month = feb,
  doi = {10.1007/s10270-021-00899-6},
  note = {}
}

@ARTICLE{Cazzola21b,
  author = {Cazzola, Walter and Favalli, Luca},
  title = {{Towards a Recipe for Language Decomposition: Quality Assessment of Language Product Lines}},
  journal = {{Empirical Software Engineering}},
  publisher = {Springer},
  year = 2022,
  volume = 27,
  number = 4,
  pages = {},
  month = apr,
  doi = {10.1145/3514232},
  note = {}
}

@ARTICLE{Cazzola22,
  author = {Bertolotti, Francesco and Cazzola, Walter},
  title = {{Fold2Vec: Towards a Statement Based Representation of Code for Code Comprehension}},
  journal = {{Transaction on Software Engineering and Methodology}},
  publisher = {ACM},
  year = 2023,
  volume = 32,
  number = 1,
  pages = {6:1--6:31},
  month = feb,
  doi = {10.1145/3514232},
  note = {}
}

@ARTICLE{Cazzola22b,
  author = {Cazzola, Walter and Cesarini, Francesco and Tansini, Luca},
  title = {{PerformERL: A Performance Testing Framework for Erlang}},
  journal = {Distributed Computing},
  publisher = {Springer},
  year = 2022,
  volume = 35,
  number = {},
  pages = {439--454},
  month = may,
  doi = {10.1007/s00446-022-00429-7},
  note = {}
}

@INPROCEEDINGS{Cazzola22c,
  author = {Bertolotti, Francesco and Cazzola, Walter and Favalli, Luca},
  title = {{Features, Believe It or Not! A Design Pattern for First-Class Citizen Features on Stock JVM}},
  booktitle = {{Proceedings of the 26th International Software Product Line Conference (SPLC'22)}},
  year = 2022,
  editor = {Cleland-Huang, Jane and Assun\c{c}\~ao, Wesley K. G.},
  pages = {32--42},
  address = {Graz, Austria},
  organization = {},
  publisher = {ACM},
  volume = {},
  number = {},
  series = {},
  month = sep,
  note = {}
}

@ARTICLE{Cazzola22d,
  author = {Cazzola, Walter and Favalli, Luca},
  title = {{The Language Mutation Problem: Leveraging Language Product Lines for Mutation Testing of Interpreters}},
  journal = {{Journal of Systems and Software}},
  publisher = {Elsevier},
  year = 2023,
  volume = 195,
  number = {},
  pages = {},
  month = jan,
  doi = {10.1016/j.jss.2022.111533},
  note = {}
}

@INPROCEEDINGS{Cazzola23,
  author = {Broccia, Giovanna and Ferrari, Alessio and ter Beek, Maurice and Cazzola, Walter and Favalli, Luca and Bertolotti, Francesco},
  title = {{Evaluating a Language Workbench: from Working Memory Capacity to Comprehension to Acceptance}},
  booktitle = {{Proceedings of the 31st International Conference on Program Comprehension (ICPC-ERA'23)}},
  year = 2023,
  editor = {Catolino, Gemma and De Roover, Coen},
  pages = {},
  address = {Melbourne, Australia},
  organization = {},
  publisher = {ACM},
  volume = {},
  number = {},
  series = {},
  month = "15th-16th of "#may,
  note = {Track on Early Research Achievements}
}

@ARTICLE{Cazzola23b,
  author = {Bertolotti, Francesco and Cazzola, Walter and Favalli, Luca},
  title = {{On the Granularity of Linguistic Reuse}},
  journal = {{Journal of Systems and Software}},
  publisher = {Elsevier},
  year = 2023,
  volume = 202,
  number = {},
  pages = {},
  month = aug,
  doi = {10.1016/j.jss.2023.111704},
  note = {}
}

@ARTICLE{Cazzola23c,
  author = {Cazzola, Walter and Favalli, Luca},
  title = {{Scrambled Features for Breakfast: Concept, and Practice of Agile Language Development}},
  journal = cacm,
  publisher = {ACM},
  year = 2023,
  volume = {},
  number = {},
  pages = {},
  month = may,
  note = {}
}
