@TECHREPORT{ISO-HLPN18,
  author = {},
  title = {{High-Level Petri Nets---Part 1: Concepts, Definitions and Graphical Notation}},
  institution = {International Organization for Standardization},
  year = 2018,
  type = {Draft International Standard},
  number = {ISO/IEC DIS 15909-1:2018(E)},
  address = {Geneva, CH},
  month = dec,
  note = {}
}

@INPROCEEDINGS{Trentini05,
  author = {Trentini, Andrea and Micucci, Daniela},
  title = {{Plan Validation Via Petri Nets in the Real-Time Performers Java Framework}},
  booktitle = {{Proceedings of the 2005 ACM symposium on Applied Computing (SAC'05)}},
  year = 2005,
  editor = {},
  pages = {1534--1538},
  address = {San Jos\'e, NM, USA},
  organization = {},
  publisher = {ACM Press},
  volume = {},
  number = {},
  series = {},
  month = mar,
  note = {}
}

@INPROCEEDINGS{Jensen97,
  author = {Jensen, Kurt},
  title = {{A Brief Introduction to Coloured Petri Nets}},
  booktitle = {{Proceedings of the 3\textsuperscript{rd} International Workshop on Tools and Algorithms for Construction and Analysis of Systems (TACAS'97)}},
  year = 1997,
  editor = {Brinksma, Ed},
  pages = {203-208},
  address = {Enschede, The Netherlands},
  organization = {},
  publisher = {},
  volume = {LNCS 1217},
  number = {},
  series = {},
  month = apr,
  note = {}
}

@ARTICLE{Kristensen98,
  author = {Kristensen, Lars M. and Christensen, S{\o}ren and Jensen, Kurt},
  title = {{The Practitioner's Guide to Coloured Petri Nets}},
  journal = {{International Journal on Software Tools for Technology Transfer}},
  year = 1998,
  volume = 2,
  number = 2,
  pages = {98-132},
  month = mar,
  note = {}
}

@ARTICLE{Jensen07,
  author = {Jensen, Kurt and Kristensen, Lars M. and Wells, Lisa},
  title = {{Coloured Petri Nets and CPN Tools for Modelling and Validation of Concurrent Systems}},
  journal = {{International Journal on Software Tools for Technology Transfer}},
  year = 2007,
  volume = 9,
  number = 3,
  pages = {213-254},
  month = may,
  note = {}
}

@INCOLLECTION{Jensen93,
  author = {Jensen, Kurt},
  title = {{An Introduction to the Theoretical Aspects of Coloured Petri Nets}},
  booktitle = {{A Decade of Concurrency, Reflections and Perspectives}},
  publisher = {Springer},
  year = 1993,
  chapter = {},
  pages = {230-272},
  address = {},
  editor = {de Bakker, J. W. and de Roever, Willem P. and Rozenberg, Grzegorz},
  volume = {},
  number = {},
  series = {LNCS 803},
  type = {},
  edition = {},
  month = jun,
  note = {}
}

@INPROCEEDINGS{Capra08a,
  author = {Capra, Lorenzo},
  title = {{Addressing Soundness and Efficiency Issues in Dynamic Processes: a Reflective PN-Based Modeling Approach}},
  booktitle = {{Proceedings of the 2008 Spring Simulation Multiconference (SpringSim'08)}},
  year = 2008,
  editor = {},
  pages = {256-264},
  address = {Ottawa, Canada},
  organization = {},
  publisher = {},
  volume = {},
  number = {},
  series = {},
  month = apr,
  note = {}
}

@INPROCEEDINGS{Capra08b,
  author = {Capra, Lorenzo},
  title = {{A (Timed) State-Transition Semantics for Reflective Petri Nets}},
  booktitle = {{Proceedings of the 10th International Symposium on Symbolic and Numeric Algorithms for Scientific Computing (SYNASC'08)}},
  year = 2008,
  editor = {},
  pages = {},
  address = {Timisoara, Romania},
  organization = {},
  publisher = {},
  volume = {},
  number = {},
  series = {},
  month = sep,
  note = {}
}

@BOOK{Reisig85,
  author = {Reisig, Wolfgang},
  editor = {},
  title = {{Petri Nets: An Introduction}},
  publisher = {Springer},
  year = 1985,
  address = {},
  edition = {},
  volume = 4,
  number = {},
  series = {EATCS Monographs on Theoretical Computer Science},
  month = {},
  note = {}
}

@TECHREPORT{SmarTeam,
  author = {ENOVIA},
  title = {{Dassault Syst\`emes' PLM Solutions for the Mid-Market}},
  institution = {ENOVIA Knowledge Center},
  year = 2007,
  type = {White Paper},
  number = {},
  address = {},
  month = sep,
  note = {Available at \url{http://www.3ds.com/fileadmin/brands/enovia/pdf/whitepapers/CIMdata-DS_PLM_for_the_MidMarket-Program_review-Sep2007.pdf}.}
}

@INPROCEEDINGS{Bellettini04,
  author = {Bellettini, Carlo and Capra, Lorenzo},
  title = {{A Quotient Graph for Asymmetric Distributed Systems}},
  booktitle = {{Proceedings of the The IEEE Computer Society's 12th Annual International Symposium on Modeling, Analysis, and Simulation of Computer and Telecommunications Systems (MASCOTS'04)}},
  year = 2004,
  editor = {DeGroot, Doug and Harrison, Peter G. and Wijshoff, Harry A.\ G.\ and Segall, Zary},
  pages = {560-568},
  address = {Vollendam, The Netherlands},
  organization = {},
  publisher = {IEEE Computer Society},
  volume = {},
  number = {},
  series = {},
  month = oct,
  note = {}
}

@INPROCEEDINGS{Chiola91,
  author = {Chiola, Giovanni and Donatelli, Susanna and Franceschinis, Giuliana},
  title = {{GSPNs versus SPNs: What is the Actual Role of Immediate Transitions?}},
  booktitle = {{Proceedings of the Fourth International Workshop on Petri Nets and Performance Models (PNPM'91)}},
  year = 1991,
  editor = {},
  pages = {20-31},
  address = {Melbourne, Australia},
  organization = {},
  publisher = {IEEE Computer Society},
  volume = {},
  number = {},
  series = {},
  month = dec,
  note = {}
}

@BOOK{Desel95,
  author = {Desel, J{\"o}rg and Esparza, Javier},
  editor = {},
  title = {{Free Choice Petri Nets}},
  publisher = {Cambridge University Press},
  year = 1995,
  address = {New York, NY, USA},
  edition = {},
  volume = 40,
  number = {},
  series = {Cambridge Tracts in Theoretical Computer Science},
  month = {},
  usbn = {0-521-46519-2},
  note = {}
}

@INPROCEEDINGS{Kummer98,
  author = {Kummer, Olaf},
  title = {{Simulating Synchronous Channels and Net Instances}},
  booktitle = {{Proceedings of the Workshop Algorithmen und Werkzeuge f{\"u}r Petrinetze}},
  year = 1998,
  editor = {Desel, J{\"o}rg and Kemper, Peter and Kindler, Ekkart and Oberweis, Andreas},
  pages = {73-78},
  address = {},
  organization = {},
  publisher = {Universit{\"a}t Dortmund, Fachbereich Informatik},
  volume = 694,
  number = {},
  series = {Forschungsberichte},
  month = oct,
  note = {}
}

@TECHREPORT{Asperti96,
  author = {Asperti, Andrea and Busi, Nadia},
  title = {{Mobile Petri Nets}},
  institution = {Universit\`a degli Studi di Bologna},
  year = 1996,
  type = {Technical Report},
  number = {UBLCS-96-10},
  address = {Bologna, Italy},
  month = may,
  note = {}
}

@PROCEEDINGS{Farwer05,
  title = {{Object Petri Nets, Process, and Object Calculi}},
  year = 2005,
  editor = {Farwer, Berndt and Moldt, Daniel},
  address = {Hamburg, Germany},
  organization = {},
  volume = {},
  number = {},
  series = {},
  month = aug,
  publisher = {Universit\"{a}t Hamburg, Fachbereich Informatik},
  note = {}
}

@TECHREPORT{Badouel98,
  author = {Badouel, Eric and Oliver, Javier},
  title = {{Reconfigurable Nets, a Class of High Level Petri Nets Supporting Dynamic Changes within Workflow Systems}},
  institution = {{IRISA}},
  year = 1998,
  type = {IRISA Research Report},
  number = {PI-1163},
  address = {},
  month = jan,
  note = {}
}

@TECHREPORT{VanDerAalst96,
  author = {van der Aalst, Wil M.\ P.\ },
  title = {{Structural Characterizations of Sound Workflow Nets}},
  institution = {Eindhoven University of Technology},
  year = 1996,
  type = {Computing Science Reports},
  number = {96/23},
  address = {Eindhoven, The Netherlands},
  month = {},
  note = {}
}

@TECHREPORT{Agostini96,
  author = {Agostini, Alessandra and De Michelis, Giorgio},
  title = {{Modeling the Document Flow within a Cooperative Process as a Resource for Action}},
  institution = {{CTL-DSI, University of Milano}},
  year = 1996,
  type = {},
  number = {},
  address = {},
  month = {},
  note = {}
}

@ARTICLE{Agostini00,
  author = {Agostini, Alessandra and De Michelis, Giorgio},
  title = {{A Light Workflow Management System Using Simple Process Models}},
  journal = {Computer Supported Cooperative Work (CSCW'00)},
  year = 2000,
  volume = 9,
  number = {3-4},
  pages = {335-363},
  month = aug,
  note = {}
}

@INPROCEEDINGS{Badouel97,
  author = {Badouel, Eric and Darondeau, Philippe},
  title = {{Stratified Petri Nets}},
  booktitle = {{Proceedings of the 11th International Symposium on Fundamentals of Computation Theory (FCT'97)}},
  year = 1997,
  editor = {Chlebus, Bogdan S. and Czaja, Ludwik},
  pages = {117-128},
  address = {Krak{\'o}w, Poland},
  organization = {},
  publisher = {Springer},
  volume = {},
  number = {},
  series = {LNCS 1279},
  month = sep,
  note = {}
}

@ARTICLE{Xu03,
  author = {Xu, Dianxiang and Yin, Jianwen and Deng, Yi and Ding, Junhua},
  title = {{A Formal Architectural Model for Logical Agent Mobility}},
  journal = ieeese,
  year = 2003,
  volume = 29,
  number = 1,
  pages = {31-45},
  month = jan,
  note = {}
}

@INPROCEEDINGS{Odersky00,
  author = {Odersky, Martin},
  title = {{Functional Nets}},
  booktitle = {{Proceedings of the 9th European Symposium on Programming (ESOP 2000)}},
  year = 2000,
  editor = {Smolka, Gert},
  pages = {1-25},
  address = {Berlin, Germany},
  organization = {},
  publisher = {Springer},
  volume = {},
  number = {},
  series = {LNCS 1782},
  month = mar,
  note = {}
}

@INCOLLECTION{Best86,
  author = {Best, Eike},
  title = {{COSY: Its Relation to Nets and CSP}},
  booktitle = {{Petri Nets: Central Models and Their Properties, Advances in Petri Nets (Part II)}},
  publisher = {Springer},
  year = 1986,
  chapter = {},
  pages = {416-440},
  address = {Bad Honnef, Germany},
  editor = {Brauer, Wilfried and Reisig, Wolfang and Rozenberg, Grzegorz},
  volume = {},
  number = {},
  series = {LNCS 255},
  type = {},
  edition = {},
  month = sep,
  note = {}
}

@INPROCEEDINGS{Kavi95,
  author = {Kavi, Krishna M. and Sheldon, Frederick T. and Shirazi, Behrooz and Hurson, Ali R.},
  title = {{Reliability Analysis of CSP Specifications Using Petri Nets and Markov Processes}},
  booktitle = {{Proceedings of the 28th Annual Hawaii International Conference on System Sciences (HICSS-28)}},
  year = 1995,
  editor = {},
  pages = {516-524},
  address = {Kihei, Maui, Hawaii, USA},
  organization = {},
  publisher = {IEEE Computer Society},
  volume = {},
  number = {},
  series = {},
  month = jan,
  note = {}
}

@INPROCEEDINGS{Cabac05,
  author = {Cabac, Lawrence and Duvignau, Michael and Moldt, Daniel and R{\"o}lke, Heiko},
  title = {{Modeling Dynamic Architectures Using Nets-Within-Nets}},
  booktitle = {{Proceedings of the 26th International Conference on Applications and Theory of Petri Nets (ICATPN 2005)}},
  year = 2005,
  editor = {Ciardo, Gianfranco and Darondeau, Philippe},
  pages = {148-167},
  address = {Miami, FL, USA},
  organization = {},
  publisher = {Springer},
  volume = {},
  number = {},
  series = {LNCS 3536},
  month = jun,
  note = {}
}

@INPROCEEDINGS{Hoffmann05,
  author = {Hoffmann, Kathrin and Ehrig, Hartmut and Mossakowski, Till},
  title = {{High-Level Nets with Nets and Rules as Tokens}},
  booktitle = {{Proceedings of the 26th International Conference on Applications and Theory of Petri Nets (ICATPN 2005)}},
  year = 2005,
  editor = {Ciardo, Gianfranco and Darondeau, Philippe},
  pages = {268-288},
  address = {Miami, FL, USA},
  organization = {},
  publisher = {Springer},
  volume = {},
  number = {},
  series = {LNCS 3536},
  month = jun,
  note = {}
}

@INPROCEEDINGS{Valk98,
  author = {Valk, R{\"u}diger},
  title = {{Petri Nets as Token Objects: An Introduction to Elementary Object Nets}},
  booktitle = {{Proceedings of the 19th International Conference on Applications and Theory of Petri Nets (ICATPN 1998)}},
  year = 1998,
  editor = {Desel, J{\"o}rg and Silva, Manuel},
  pages = {1-25},
  address = {Lisbon, Portugal},
  organization = {},
  publisher = {Springer},
  volume = {},
  number = {},
  series = {LNCS 1420},
  month = jun,
  note = {}
}

@INPROCEEDINGS{Valk03,
  author = {Valk, R\"{u}diger},
  title = {{Object Petri Nets: Using the Nets-within-Nets Paradigm}},
  booktitle = {{Lectures on Concurrency and Petri Nets, Advances in Petri Nets}},
  year = 2003,
  editor = {Desel, J\"org and Reisig, Wolfgang and Rozenberg, Grzegorz},
  pages = {819--848},
  address = {},
  organization = {},
  publisher = {Springer},
  volume = {},
  number = {},
  series = {LNCS 3098},
  month = {},
  note = {}
}

@INCOLLECTION{Valk01,
  author = {Valk, R\"{u}diger},
  title = {{Concurrency in Communicating Object Petri Nets}},
  booktitle = {{Concurrent Object-Oriented Programming and Petri Nets}},
  publisher = {Springer},
  year = 2001,
  chapter = {},
  pages = {164--195},
  address = {},
  editor = {Agha, Gul A. and De Cindio, Fiorella and Rozenberg, Grzegorz},
  volume = {},
  number = {},
  series = {LNCS 2001},
  type = {},
  edition = {},
  month = {},
  note = {}
}

@PROCEEDINGS{Agha01,
  title = {{Concurrent Object-Oriented Programming and Petri Nets}},
  year = 2001,
  editor = {Agha, Gul A. and De Cindio, Fiorella and Rozenberg, Grzegorz},
  address = {},
  organization = {},
  volume = {},
  number = {},
  series = {LNCS 2001},
  month = {},
  publisher = {Springer},
  note = {}
}

@INPROCEEDINGS{Capra18,
  author = {Capra, Lorenzo and Camilli, Matteo},
  title = {{Towards Evolving Petri Nets: a Symmetric Nets-Based Framework}},
  booktitle = {{Proceedings of the 14th International Workshop on Discrete Event Systems (WODES'18)}},
  year = 2018,
  editor = {De Tommasi, Gianmaria},
  pages = {480--485},
  address = {Sorrento, Italy},
  organization = {},
  publisher = {Elsevier},
  volume = {},
  number = {},
  series = {},
  month = may#"-"#jun,
  note = {}
}

@INCOLLECTION{SibertinBlanc01,
  author = {Sibertin-Blanc, Christophe},
  title = {{The Hurried Philosophers}},
  booktitle = {Concurrent Object-Oriented Programming and Petri Nets, Advances in Petri Nets},
  publisher = {Springer},
  year = 2001,
  chapter = {},
  pages = {536--538},
  editor = {Agha, Gul A. and De Cindio, Fiorella and Rozenberg, Grzegorz},
  address = {},
  volume = {},
  number = {},
  series = {LNCS 2001},
  type = {},
  edition = {},
  month = {},
  note = {}
}

@INPROCEEDINGS{Valk78,
  author = {Valk, R{\"u}diger},
  title = {{Self-Modifying Nets, a Natural Extension of Petri Nets}},
  booktitle = {{Proceedings of the Fifth Colloquium on Automata, Languages and Programming (ICALP'78)}},
  year = 1978,
  editor = {Ausiello, Giorgio and B{\"o}hm, Corrado},
  pages = {464-476},
  address = {Udine, Italy},
  organization = {},
  publisher = {Springer},
  volume = {},
  number = {},
  series = {LNCS 62},
  month = jul,
  note = {}
}

@ARTICLE{Chiola95,
  author = {Chiola, Giovanni and Franceschinis, Giuliana and Gaeta, Rossano and Ribaudo, Marina}, 
  title = {{GreatSPN 1.7: GRaphical Editor and Analyzer for Timed and Stochastic Petri Nets}},
  journal = {Performance Evaluation},
  year = 1995,
  volume = 24,
  number = {1-2},
  pages = {47-68},
  month = nov,
  note = {}
}

@INPROCEEDINGS{Chiola90,
  author = {Chiola, Giovanni and Dutheillet, Claude and Franceschinis, Giuliana and Haddad, Serge},
  title = {{On Well-Formed Coloured Nets and Their Symbolic Reachability Graph}},
  booktitle = {Proceedings of the 11th International Conference on Application and Theory of Petri Nets,},
  year = 1990,
  pages = {387-410},
  address = {Paris, France},
  month = jun
}

@BOOK{Jensen91,
  editor = {Kurt Jensen and Grzegorz Rozenberg},
  title = {{High-Level Petri Nets: Theory and Applications}},
  publisher = {Springer-Verlag},
  year = 1991
}

@ARTICLE{Chiola93,
  author =   {Giovanni Chiola and Claude Dutheillet and Giuliana Franceschinis and Serge Haddad},
  title =    {{Stochastic Well-Formed Coloured Nets for Symmetric Modelling Applications}},
  journal =  {IEEE Transactions on Computers},
  year =     1993,
  volume =   42,
  number =   11,
  pages =    {1343--1360},
  month =    nov
}

@ARTICLE{Chiola97,
  author = {Giovanni Chiola and Claude Dutheillet and Giuliana Franceschinis and Serge Haddad},
  title = {{A Symbolic Reachability Graph for Coloured Petri Nets}},
  journal = {{Theoretical Computer Science B (Logic, Semantics and Theory of Programming)}},
  year = 1997,
  volume = 176,
  number = {1\& 2},
  pages = {39-65},
  month = apr,
  note = {}
}

@ARTICLE{AjmoneMarsan84,
  author = {Ajmone Marsan, Marco and Conte, Gianni and Balbo, Gianfranco},
  title = {{A Class of Generalized Stochastic Petri Nets for the Performance Evaluation of Multiprocessor Systems}},
  journal = {{ACM Transaction on Computer Systems}},
  year = 1984,
  volume = 2,
  number = 2,
  pages = {93-122},
  month = may,
  note = {}
}

@ARTICLE{Qiu07,
  author = {Qiu, Zhi-Ming and Wong, Yoke San},
  title = {{Dynamic Workflow Change in PDM Systems}},
  journal = {{Computers in Industry}},
  publisher = {Elsevier Science Publishers},
  year = 2007,
  volume = 58,
  number = 5,
  pages = {453--463},
  month = jun,
  note = {}
}

@ARTICLE{Salimifard01,
  author = {Salimifard, Khodakaram and Wright, Mike B.\ },
  title = {{Petri Net-Based Modeling of Workflow Systems: An Overview}},
  journal = {{European Journal of Operational Research}},
  year = 2001,
  volume = 134,
  number = 3,
  pages = {664-676},
  month = nov,
  note = {}
}

@ARTICLE{VanDerAalst00,
  author = {van der Aalst, Wil M.\ P.\ and Jablonski, S.\tefan},
  title = {{Dealing with Workflow Change: Identification of Issues and Solutions}},
  journal = {International Journal of Computer Systems, Science, and Engineering},
  year = 2000,
  volume = 15,
  number = 5,
  pages = {267--276},
  month = sep
}

@ARTICLE{VanDerAalst02,
  author = {van~der~Aalst, Wil M.\ P.\ and Basten, Twan},
  title = {{Inheritance of Workflows: An Approach to Tackling Problems Related to Change}},
  journal = {{Theoretical Computer Science}},
  year = 2002,
  volume = 270,
  number = {1-2},
  pages = {125--203},
  month = jan
}

@ARTICLE{Ellis00,
  author = {Ellis, Clerance and Keddara, Karim},
  title = {{ML-DEWS: Modeling Language to Support Dynamic Evolution within Workflow Systems}},
  journal = {{Computer Supported Cooperative Work}},
  year = 2000,
  volume = 9,
  number = {3-4},
  pages = {293-333},
  month = aug,
  note = {}
}

@INPROCEEDINGS{Llorens06,
  author = {Llorens, Marisa and Oliver, Javier},
  title = {{Marked-Controlled Reconfigurable Workflow Nets}},
  booktitle = {{Prooceedings of the Eighth International Symposium on Symbolic and Numeric Algorithms for Scientific Computing (SYNACS'06)}},
  year = 2006,
  editor = {},
  pages = {407-413},
  address = {Timi\c{s}oara, Romania},
  organization = {},
  publisher = {IEEE Computer Society},
  volume = {},
  number = {},
  series = {},
  month = sep,
  note = {}
}

@INPROCEEDINGS{Hicheur06,
  author = {Hicheur, Awatef and Barkaoui, Kamel and Boudiaf, Noura},
  title = {{Modeling Workflows with Recursive ECATNets}},
  booktitle = {{Proceedings of the Eighth International Symposium on Symbolic and Numeric Algorithms for Scientific Computing (SYNACS'06)}},
  year = 2006,
  editor = {},
  pages = {389-398},
  address = {Timi\c{s}oara, Romania},
  organization = {},
  publisher = {IEEE Computer Society},
  volume = {},
  number = {},
  series = {},
  month = sep,
  note = {}
}

@article{Reichert98,
  author = {Reichert, Manfred and Dadam, Peter},
  title = {{ADEPTflex - Supporting Dynamic Changes in Workflow Management Systems without Losing Control}},
  journal = {Journal of Intelligent Information Systems},
  volume = 10,
  number = {(I2)},
  year = 1998,
  pages = {93-129}
}

@ARTICLE{Bernardi01,
  author = {Simona Bernardi and Susanna Donatelli and Andras Horv{\`a}th},
  title = {{Implementing Compositionality for Stochastic Petri Nets}},
  journal = {Journal of Software Tools for Technology Transfer},
  month = sep,
  volume = 3,
  number = 4,
  pages = {417-430},
  year = 2001
}

@INPROCEEDINGS{Capra05,
  author = {Capra, Lorenzo and De Pierro, Massimiliano and Franceschinis, Giuliana},
  editor = {Gianfranco Ciardo and Philippe Darondeau},
  title = {{A High Level Language for Structural Relations in Well-Formed Nets}},
  booktitle = {Proceeding of the 26th International Conference on Application and Theory of {Petri} Nets},
  series = {LNCS 3536},
  year = 2005,
  pages = {168-187},
  address = {Miami, USA},
  month = jun
}

@ARTICLE{Das87,
  author = {Das, Sajal K. and Agrawal, V. K. and Sarkar, Dilip and Patnaik, L. M. and Goel, P. S.},
  title = {{Reflexive Incidence Matrix (RIM) Representation of Petri Nets}},
  journal = ieeese,
  publisher = {IEEE},
  year = 1987,
  volume = 13,
  number = 6,
  pages = {643--653},
  month = jun,
  note = {}
}

@INPROCEEDINGS{Koehler-Bussmeier09,
  author = {K\"ohler-Bu{\ss}meier, Michael},
  title = {{Hornets: Nets within Nets Combined with Net Algebra}},
  booktitle = {{Proceedings of the 30th International Conference on Applications and Theory of Petri Nets and Concurrency (PETRI NETS'09)}},
  year = 2009,
  editor = {Franceschinis, Giuliana and Wolf, Karsten},
  pages = {243--262},
  address = {Paris, France},
  organization = {},
  publisher = {Springer},
  volume = {},
  number = {},
  series = {LNCS 5606},
  month = jun,
  note = {}
}

@ARTICLE{Hoffmann05b,
  author = {Hoffmann, Kathrin and Mossakowski, Till and Parisi-Presicce, Francesco},
  title = {{Higher-Order Nets for Mobile Policies}},
  journal = {{Electronic Notes in Theoretical Computer Science}},
  publisher = {Elsevier},
  year = 2005,
  volume = 127,
  number = 2,
  pages = {87--105},
  month = mar,
  note = {}
}

@INPROCEEDINGS{Hoffmann02,
  author = {Hoffmann, Kathrin and Mossakowski, Till},
  title = {{Algebraic Higher-Order Nets: Graphs and Petri Nets as Tokens}},
  booktitle = {{Proceedings of the 16th International Workshop on Algebraic Development Techniques (WADT'02)}},
  year = 2002,
  editor = {Wirsing, Martin and Pattinson, Dirk and Hennicker, Rolf},
  pages = {253--267},
  address = {Frauenchiemsee, Germany},
  organization = {},
  publisher = {Springer},
  volume = {},
  number = {},
  series = {LNCS 2755},
  month = sep,
  note = {}
}

@BOOK{Jensen96,
  author = {Jensen, Kurt},
  editor = {},
  title = {{Coloured Petri Nets---Basic Concepts, Analysis Methods and Practical Use. Volume 1}},
  publisher = {Springer},
  year = 1996,
  address = {},
  edition = {},
  volume = {},
  number = {},
  series = {Monographs in Theoretical Computer Science},
  month = {},
  note = {}
}

@INPROCEEDINGS{Llorens04,
  author = {Llorens, Marisa and Olivier, Javier},
  title = {{Introducing Structural Dynamic Changes in Petri Nets: Marked-Controlled Reconfigurable Nets}},
  booktitle = {{Proceedings of the 2nd International Symposium on Automated Technology for Verification and Analysis (ATVA'04)}},
  year = 2004,
  editor = {Wang, Farn},
  pages = {310--323},
  address = {Taipei, Taiwan},
  organization = {},
  publisher = {Springer},
  volume = {},
  number = {},
  series = {LNCS 3299},
  month = oct#"-"#nov,
  note = {}
}

@INPROCEEDINGS{Mai18,
  author = {Mai, Carl and Sch\"one, Ren\'e and Mey, Johannes and K\"uhn, Thomas and A{\ss}mann, Uwe},
  title = {{Adaptive Petri Nets---A Petri Net Extension for Reconfigurable Structures}},
  booktitle = {{Proceedings of the 10th International Conference on Adaptive and Self-Adaptive Systems and Applications (ASASA'18)}},
  year = 2018,
  editor = {},
  pages = {15--23},
  address = {Barcelona, Spain},
  organization = {},
  publisher = {IARIA},
  volume = {},
  number = {},
  series = {},
  month = feb,
  note = {}
}

@INCOLLECTION{Padberg18,
  author = {Padberg, Julia and Kahloul, Laid},
  title = {{Overview of Reconfigurable Petri Nets}},
  booktitle = {{Graph Transformation, Specifications, and Nets}},
  publisher = {Springer},
  year = 2018,
  chapter = {},
  pages = {},
  address = {},
  editor = {Heckel. Reiko and Taentzer, Gabriela},
  volume = {},
  number = {},
  series = {LNCS 10800},
  type = {},
  edition = {},
  month = feb,
  note = {}
}

@INPROCEEDINGS{Capra16,
  author = {Capra, Lorenzo},
  title = {{A Pure SPEC-Inscribed PN Model for Reconfigurable Systems}},
  booktitle = {{Proceedings of the 13th International Workshop on Discrete Event Systems (WODES'16)}},
  year = 2016,
  editor = {Cassandras, Christos G. and Giua, Alessandro and Li, Zhiwu},
  pages = {459--465},
  address = {Xi'an, China},
  organization = {},
  publisher = {IEEE},
  volume = {},
  number = {},
  series = {},
  month = may,
  note = {}
}

@INPROCEEDINGS{Fronc13,
  author = {Fronc, {\L}ukasz and Duret-Luts, Alexandre},
  title = {{LTL Model Checking with Neco}},
  booktitle = {{Proceedings of the 11th International Symposium on Automated Technology for Verification and Analysis (ATVA'13)}},
  year = 2013,
  editor = {Van Hung, Dang and Ogawa, Mizuhito},
  pages = {451--454},
  address = {Hanoi, Vietnam},
  organization = {},
  publisher = {Springer},
  volume = {},
  number = {},
  series = {LNCS 8172},
  month = oct,
  note = {}
}

@INPROCEEDINGS{Pommereau15,
  author = {Pommerreau, Franck},
  title = {{SNAKES: A Flexible High-Level Petri Nets Library}},
  booktitle = {{Proceedings of the 36th International Conference on Applications and Theory of Petri Nets and Concurrency (PETRI NETS'15)}},
  year = 2015,
  editor = {Devillers, Raymond and Valmari, Antti},
  pages = {254--265},
  address = {Brussels, Belgium},
  organization = {},
  publisher = {Springer},
  volume = {},
  number = {},
  series = {LNCS 9115},
  month = jun,
  note = {}
}

@ARTICLE{Kohler-Bussmeier14,
  author = {K\"ohler-Bu{\ss}meier, Michael},
  title = {{A Survey of Decidability Results for Elementary Object Systems}},
  journal = {{Fundamenta Informaticae}},
  publisher = {IOS Press},
  year = 2014,
  volume = 130,
  number = 1,
  pages = {99--123},
  month = {},
  note = {}
}

@ARTICLE{Heitmann14,
  author = {Heitmann, Frank and K\"ohler-Bu{\ss}meier, Michael},
  title = {{Structural and Dynamic Restrictions of Elementary Object Systems}},
  journal = {{Fundamenta Informaticae}},
  publisher = {IOS Press},
  year = 2014,
  volume = 4,
  number = 135,
  pages = {387--401},
  month = {},
  note = {}
}

@INPROCEEDINGS{Kohler-Bussmeier17,
  author = {K\"ohler-Bu{\ss}meier, Michael},
  title = {{Restricting Hornets to Support Self-adaptive Systems}},
  booktitle = {{Proceedings of the 38th International Conference on the Application and Theory of Petri Nets and Concurrency (PETRI NETS'17)}},
  year = 2017,
  editor = {van der Aalst, Wil M. P. and Best, Eike},
  pages = {288-306},
  address = {Zaragoza, Spain},
  organization = {},
  publisher = {Springer},
  volume = {},
  number = {},
  series = {LNCS 10258},
  month = jun,
  note = {}
}
