@INPROCEEDINGS{Giarrusso13,
  author = {Giarrusso, Paolo G. and Ostermann, Klaus and Eichberg, Michael and Mitschke, Ralf and Rendel, Tillmann and K\"astner, Christian},
  title = {{Reify Your Collection Queries for Modularity and Speed!}},
  booktitle = {{Proceedings of the 12th Annual International Conference on Aspect-Oriented Software Development (AOSD'13)}},
  year = 2013,
  editor = {Kienzle, J\"org},
  pages = {1--12},
  address = {Fukuoka, Japan},
  organization = {},
  publisher = {ACM},
  volume = {},
  number = {},
  series = {},
  month = mar,
  note = {}
}

@BOOK{Appel04,
  author = {Appel, Andrew W.},
  editor = {},
  title = {{Modern Compiler Implementation in ML}},
  publisher = {{Cambridge University Press}},
  year = 2004,
  address = {},
  edition = {},
  volume = {},
  number = {},
  series = {},
  month = jul,
  note = {}
}

@ARTICLE{Wegman91,
  author = {Wegman, Mark N. and Zadeck, F. Kenneth},
  title = {{Constant Propagation with Conditional Branches}},
  journal = toplas,
  year = 1991,
  volume = 13,
  number = 2,
  pages = {181--210},
  month = apr,
  note = {}
}

@INPROCEEDINGS{Krishnamurthi98,
  author = {Krishnamaurthi, Shiram and Felleisen, Matthias and Friedman, Daniel P.},
  title = {{Synthesizing Object-Oriented and Functional Design To Promote Re-Use}},
  booktitle = {{Proceedings of the 12th European Conference on Object-Oriented Programming (ECOOP'98)}},
  year = 1998,
  editor = {Jul, Eric},
  pages = {91--113},
  address = {Brussels, Belgium},
  organization = {},
  publisher = {Springer},
  volume = {},
  number = {},
  series = {Lecture Notes in Computer Science 1445},
  month = jul,
  note = {}
}

@ARTICLE{Swierstra08,
  author = {Swierstra, Wouter},
  title = {{Data Types \`a la Carte}},
  journal = {{Journal of Functional Programming}},
  year = 2008,
  volume = 18,
  number = 4,
  pages = {423--436},
  month = jul,
  note = {}
}

@INPROCEEDINGS{Wadler95,
  author = {Wadler, Philip},
  title = {{Monads for Functional Programming}},
  booktitle = {{Advanced Functional Programming}},
  year = 1995,
  editor = {Jeuring, Johan and Meijer, Erik},
  pages = {24--52},
  address = {B\o{a}stad, Sweden},
  organization = {},
  publisher = {Springer},
  volume = {},
  number = {},
  series = {Lecture Notes in Computer Science 925},
  month = may,
  note = {}
}

@TECHREPORT{Miller13,
  author = {Miller, Heather and Burmako, Eugene and Haller, Philipp},
  title = {{Scala Reflection 2.10}},
  institution = {{\'Ecole Polytechnique F\'ed\'erale de Lausanne}},
  year = 2013,
  type = {Scala 2.10 Documentation},
  number = {},
  address = {},
  month = {},
  note = {}
}

@TECHREPORT{Burmako13,
  author = {Burmako, Eugene},
  title = {{Macros}},
  institution = {{\'Ecole Polytechnique F\'ed\'erale de Lausanne}},
  year = 2013,
  type = {Scala 2.10 Documentation},
  number = {},
  address = {},
  month = {},
  note = {}
}

@INPROCEEDINGS{Hof97,
  author = {Hof, Markus and M\"ossenb\"ock, Hanspeter and Pirkelbauer, Peter},
  title = {{Zero-Overhead Exception Handling Using Meta-Programming}},
  booktitle = {{Proceedings of the 24th Seminar on Current Trends in Theory and Practice of Informatics: Theory and Practice of Informatics (SOFSEM'97)}},
  year = 1997,
  editor = {Plasil, Frantisek and Jeffery, Keith G.},
  pages = {423--431},
  address = {Milovy, Czech Republic},
  organization = {},
  publisher = {Springer},
  volume = {},
  number = {},
  series = {Lecture Notes in Computer Science 1338},
  month = nov,
  note = {}
}

@BOOK{Blunden03,
  author = {Blunden, Bill},
  editor = {},
  title = {{Software Exorcism: A Handbook for Debugging and Optimizing Legacy Code}},
  publisher = {Apress},
  year = 2003,
  address = {},
  edition = {},
  volume = {},
  number = {},
  series = {},
  month = {},
  note = {}
}

@MASTERSTHESIS{Christensen95,
  author = {Christensen, Morten Mikael},
  title = {{Methods for Handling Exceptions}},
  school = {Odense University},
  year = 1995,
  address = {},
  type = {Master Thesis},
  month = {},
  note = {}
}

@INPROCEEDINGS{Hutton04,
  author = {Hutton, Graham and Wright, Joel},
  title = {{Compiling Exceptions Correctly}},
  booktitle = {{Proceedings of the 7th Conference on Mathematics of Program Construction (MPC'04)}},
  year = 2004,
  editor = {Kozen, Dexter and Shankland, Carron},
  pages = {211--227},
  address = {Stirling, Scotland},
  organization = {},
  publisher = {Springer},
  volume = {},
  number = {},
  series = {Lecture Notes in Computer Science 3125},
  month = jul,
  note = {}
}

@ARTICLE{Strohmeier01,
  author = {Strohmeier, Alfred and Chachkov, Stanislav},
  title = {{A Side-by-Side Comparison of Exception Handling in Ada and Java}},
  journal = {{ACM SIGAda Letters}},
  year = 2001,
  volume = 21,
  number = 3,
  pages = {41--56},
  month = sep,
  note = {}
}

@ARTICLE{Lajoie94,
  author = {Lajoie, Jos\'ee},
  title = {{Exception Handling---Supporting the Run-Time Mechanism}},
  journal = {{C++ Report}},
  year = 1994,
  volume = 6,
  number = 3,
  pages = {36--39, 42--43},
  month = mar#"/"#apr,
  note = {}
}

@INBOOK{Marguerie08,
  author = {Marguerie, Fabrice and Eichert, Steve and Wooley, Jim},
  editor = {},
  title = {{LINQ in Action}},
  chapter = {{«Introducing LINQ»}},
  pages = {},
  publisher = {Manning},
  year = 2008,
  address = {},
  volume = {},
  number = {},
  series = {},
  type = {},
  edition = {},
  month = jan,
  note = {}
}

@TECHREPORT{Madhav90,
  author = {Madhav, Neel},
  title = {{An Ada--Prolog System}},
  institution = {Stanford University},
  year = 1990,
  type = {Technical Report},
  number = {CSL-TR-90-437},
  address = {Stanford, CA, USA},
  month = aug,
  note = {}
}

@BOOK{Balena05,
  author = {Balena, Francesco and Dimauro, Giuseppe},
  editor = {},
  title = {{Practical Guidelines and Best Practices for Microsoft Visual Basic and Visual C\# Developers}},
  publisher = {Microsoft Press},
  year = 2005,
  address = {},
  edition = {},
  volume = {},
  number = {},
  series = {},
  month = {},
  note = {}
}

@ARTICLE{Aycock03,
  author = {Aycock, John},
  title = {{A Brief History of Just-in-Time}},
  journal = {{ACM Computer Surveys}},
  year = 2003,
  volume = 35,
  number = 2,
  pages = {97--113},
  month = {},
  note = {}
}

@ARTICLE{Aycock04,
  author = {Aycock, John},
  title = {{The Design and Implementation of SPARK, a Toolkit for Implementing Domain-Specific Languages}},
  journal = {{Journal of Computing and Information Technology}},
  year = 2004,
  volume = 10,
  number = 1,
  pages = {55--66},
  month = {},
  note = {Special Issue on Domain Specific Languages}
}

@BOOK{Graybill02,
  author = {},
  editor = {Graybill, Robert and Melhem, Rami},
  title = {{Power Aware Computing}},
  publisher = {Kluwer Academic Publishing},
  year = 2002,
  address = {},
  edition = {},
  volume = {},
  number = {},
  series = {},
  month = {},
  note = {}
}

@BOOK{Massol03,
  author = {Massol, Vincent and Husted, Ted},
  editor = {},
  title = {{jUnit in Action}},
  publisher = {{Manning Publications Co.}},
  year = 2003,
  address = {},
  edition = {},
  volume = {},
  number = {},
  series = {},
  month = {},
  note = {}
}

@ARTICLE{Igarashi01,
  author = {Igarashi, Atsushi and Pierce, Benjamin C. and Wadler, Philip},
  title = {{Featherweight Java: A Minimal Core Calculus for Java and GJ}},
  journal = {{ACM Transactions on Programming Languages and Systems}},
  year = 2001,
  volume = 23,
  number = 3,
  pages = {396--450},
  month = may,
  note = {}
}

@INPROCEEDINGS{Fisher06,
  author = {Fisher, David and Shivers, Olin},
  title = {{Static Semantics for Syntax Objects}},
  booktitle = {{Proceedings of the International Conference on Functional Programming}},
  year = 2006,
  editor = {},
  pages = {111--121},
  address = {Portland, OR, USA},
  organization = {},
  publisher = {ACM Press},
  volume = {},
  number = {},
  series = {},
  month = {},
  note = {}
}

# Application feature is «a distinguishable characteristic of a
# concept (e.g., system, component, and so on) that is relevant to some
# stakeholder of the concept»
@BOOK{Czarnecki00,
  author = {Czarnecki, Krzysztof and Eisenecker, Ulrich W.},
  editor = {},
  title = {{Generative Programming: Methods, Tools and Applications}},
  publisher = {Addison-Wesley},
  year = 2000,
  address = {},
  edition = {},
  volume = {},
  number = {},
  series = {},
  month = jun,
  note = {}
}

@INPROCEEDINGS{Lammel01,
  author = {L{\"a}mmel, Ralf},
  title = {{Grammar Adaptation}},
  booktitle = {{Proceedings of Formal Methods Europe (FME'01)}},
  year = 2001,
  editor = {Nuno Oliveira, Jos\'e and Zave, Pamela},
  pages = {550--570},
  address = {Berlin, Germany},
  organization = {},
  publisher = {Springer},
  volume = {Lecture Notes in Computer Science 2021},
  number = {},
  series = {},
  month = mar,
  note = {}
}

@ARTICLE{Klint05,
  author = {Klint, Paul and L{\"a}mmel, Ralf and Verhoef, Chris},
  title = {{Toward an Engineering Discipline for Grammarware}},
  journal = tosem,
  year = 2005,
  volume = 14,
  number = 3,
  pages = {331--380},
  month = {},
  note = {}
}

@INPROCEEDINGS{Grimm06,
  author = {Grimm, Robert},
  title = {{Better Extensibility through Modular Syntax}},
  booktitle = {{Proceedings of the ACM SIGPLAN 2006 Conference on Programming Language Design and Implementation (PLDI'06)}},
  year = 2006,
  editor = {Schwartzbach, Michael I. and Ball, Thomas},
  pages = {38--51},
  address = {Ottawa, Ontario, Canada},
  organization = {},
  publisher = {},
  volume = {},
  number = {},
  series = {},
  month = jun,
  note = {}
}

@INPROCEEDINGS{Ford04,
  author = {Ford, Bryan},
  title = {{Parsing Expression Grammars: a Recognition-Based Syntactic Foundation}},
  booktitle = {{Proceedings of the 31st ACM SIGPLAN-SIGACT Symposium on Principles of Programming Languages (POPL'04)}},
  year = 2004,
  editor = {Jones, Neil D. and Leroy, Xavier},
  pages = {111--122},
  address = {Venice, Italy},
  organization = {},
  publisher = {ACM},
  volume = {},
  number = {},
  series = {},
  month = jan,
  note = {}
}

@INPROCEEDINGS{Lee03,
  author = {Lee, Sang-Ik and Johnson, Troy A. and Eigenmann, Rudolf},
  title = {{Cetus---An Extensible Compiler Infrastructure for Source-to-Source Transformation}},
  booktitle = {{Proceedings of the 16th International Workshop on Languages and Compilers for Parallel Computing (LCPC'03)}},
  year = 2003,
  editor = {Rauchwerger, Lawrence},
  pages = {539--553},
  address = {College Station, TX, USA},
  organization = {},
  publisher = {Springer},
  volume = {Lecture Notes in Computer Science 2958},
  number = {},
  series = {},
  month = oct,
  note = {}
}

@MASTERSTHESIS{Seaton07,
  author = {Seaton, Chris},
  title = {{A Programming Language Where the Syntax and Semantics Are Mutable at Runtime}},
  school = {{University of Bristol}},
  year = 2007,
  address = {Bristol, Uk},
  type = {Master's Thesis},
  month = may,
  note = {}
}

@ARTICLE{Ward94,
  author = {Ward, Martin P.},
  title = {{Language Oriented Programming}},
  journal = {{Software---Concept and Tools}},
  publisher = {Springer},
  year = 1994,
  volume = 15,
  number = 4,
  pages = {147--161},
  month = oct,
  note = {}
}

@ARTICLE{Knuth84,
  author = {Knuth, Donald E.},
  title = {{Literate Programming}},
  journal = {{Computer Journal}},
  year = 1984,
  volume = 27,
  number = 2,
  pages = {97--111},
  month = {},
  note = {}
}

@INPROCEEDINGS{Shumate88,
  author = {Shumate, Ken},
  title = {{Layered Virtual Machine/Object-Oriented Design}},
  booktitle = {{Proceedings of 5th Washington Ada Symposium}},
  year = 1988,
  editor = {},
  pages = {177--190},
  address = {Tyson's Corner, Virginia, USA},
  organization = {},
  publisher = {ACM},
  volume = {},
  number = {},
  series = {},
  month = {},
  note = {}
}

@BOOK{Hoare85,
  author = {Hoare, Charles Antony Richard},
  editor = {},
  title = {{Communicating Sequential Processes}},
  publisher = {Prantice Hall},
  year = 1985,
  address = {},
  edition = {},
  volume = {},
  number = {},
  series = {},
  month = {},
  note = {}
}

@INPROCEEDINGS{Kirner05,
  author = {Kirner, Raimund and Puschner, Peter},
  title = {{Classification of Code Annotations and Discussion of Compiler-Support for Worst-Case Execution Time Analysis}},
  booktitle = {Proceedings of the 5th Euromicro International Workshop on Worst-Case Execution Time Analysis (WCET'05)},
  year = 2005,
  editor = {},
  pages = {},
  address = {Palma, Spain},
  organization = {},
  publisher = {},
  volume = {},
  number = {},
  series = {},
  month = jul,
  note = {}
}

@INPROCEEDINGS{Ancona05,
  author = {Ancona, Davide and Damiani, Ferruccio and Drossopoulou, Sophia and Zucca, Elena},
  title = {{Polymorphic Bytecode: Compositional Compilation for Java-like Languages}},
  booktitle = {{Proceedings of the 32nd ACM Symposium on Principles of Programming Languages (PoPL'05)}},
  year = 2005,
  editor = {Abadi, Martin and Palsberg, Jens},
  pages = {26--37},
  address = {Long Beach, California, USA},
  organization = {},
  publisher = {},
  volume = {},
  number = {},
  series = {},
  month = jan,
  note = {}
}

@INPROCEEDINGS{Grant97,
  author = {Grant, Brian and Mock, Markus and Philipose, Matthai and Chambers, Craig and Eggers, Susan J.},
  title = {{Annotation-Directed Run-Time Specialization in C}},
  booktitle = {Proceedings of the 1997 ACM SIGPLAN Symposium on Partial Evaluation and Semantics-based Program Manipulation (PEPM'97)},
  year = 1997,
  editor = {},
  pages = {163--178},
  address = {Amsterdam, The Netherlands},
  organization = {},
  publisher = {ACM Press},
  volume = {},
  number = {},
  series = {},
  month = jun,
  note = {}
}

@BOOK{Walls03,
  author = {Craig Walls and Norman Richards},
  title = {{XDoclet in Action}},
  volume = {},
  series = {},
  publisher = {Manning Publications},
  address = {},
  edition = {},
  month = dec,
  year = 2003,
  note = {}
}

@BOOK{Miller03,
  author = {Miller, James and Ragsdale, Susan},
  title = {{Common Language Infrastructure Annotated Standard}},
  volume = {},
  series = {},
  publisher = {Addison-Wesley},
  address = {},
  edition = {},
  month = nov,
  year = 2003,
  note = {}
}

@ARTICLE{Woss03,
  author = {W\"{o}\ss, Albrecht and L\"{o}berbauer, Markus and M\"{o}ssenb\"{o}ck, Hanspeter},
  title = {{Compiler Generation Tools for \csharp}},
  journal = {IEE Proceedings Software},
  year = 2003,
  volume = 150,
  number = 5,
  pages = {323--327},
  month = oct,
  note = {}
}

@ARTICLE{Hartmann03,
  author = {Hartmann, Andreas and Amme, Wolfram and von Ronne, Jeffery and Franz, Michael},
  title = {{Code Annotation for Safe and Efficient Dynamic Object Resolution}},
  journal = {Electronic Notes in Theoretical Computer Sciences},
  year = 2003,
  volume = 82,
  number = 2,
  pages = {},
  month = {},
  note = {}
}

@INPROCEEDINGS{Dahm99,
  author = {Dahm, Markus},
  title = {{Byte Code Engineering}},
  editor = {},
  booktitle = {Java-Informations-Tage},
  number = {},
  series = {},
  year = 1999,
  address = {},
  organization = {},
  publisher = {},
  pages = {267--277},
  month = {},
  note = {}
}

@INPROCEEDINGS{Keller98,
  author = {Keller, Ralph and H\"{o}lzle, urs},
  title = {{Binary Component Adaptation}},
  editor = {Jul, Eric},
  booktitle = {Proceedings of the 12th European Conference on Object-Oriented Programming (\ecoop'98)},
  number = {},
  series = {Lecture Notes in Computer Science 1445},
  year = 1998,
  address = {Brussels, Belgium},
  organization = {},
  publisher = {Springer-Verlag},
  pages = {307--329},
  month = jul,
  note = {}
}

@INPROCEEDINGS{Kennedy01,
  author = {Kennedy, Andrew and Syme, Don},
  title = {{Design and Implementation of Generics for the \textsf{.NET} Common Language Runtime}},
  editor = {},
  booktitle = {{Proceedings of the ACM Conference on Programming Language Design and Implementation (PLDI01)}},
  number = {},
  series = {},
  year = 2001,
  address = {Snowbird, Utah, USA},
  organization = {},
  publisher = {},
  pages = {1--12},
  month = jun,
  note = {}
}

@INPROCEEDINGS{Cohen98,
  author = {Cohen, Geoff A. and Chase, Jeffrey S. and Kaminsky, David L.},
  title = {{Automatic Program Transformation with \textsf{JOIE}}},
  editor = {},
  booktitle = {{Proceedings of the 1998 USENIX Annual Technical Symposium}},
  number = {},
  series = {},
  year = 1998,
  address = {},
  organization = {},
  publisher = {},
  pages = {167--178},
  month = {},
  note = {}
}

@ARTICLE{Floyd79,
  author = {Floyd, Robert W.},
  title = {{The Paradigms of Programming}},
  journal = cacm,
  year = 1979,
  volume = 22,
  number = 8,
  pages = {455--460},
  month = aug,
  note = {}
}

@BOOK{Dijkstra76,
  author = {Dijkstra, Edsger Wybe},
  title = {{A Discipline of Programming}},
  volume = {},
  series = {},
  publisher = {Prentice-Hall},
  address = {Englewood Cliff},
  edition = {1st},
  month = {},
  year = 1976,
  note = {}
}

@ARTICLE{Qiu97,
  author = {Qiu, Zongyan},
  title = {{Static Head Nodes in the Operations on Dynamic Structures -- An useful programming technique}},
  journal = {ACM Sigplan Notices},
  year = 1997,
  volume = 32,
  number = 9,
  pages = {68--71},
  month = sep,
  note = {}
}

@ARTICLE{Earley70,
  author = {Earley, Jay},
  title = {{An Efficient Context-Free Parsing Algorithm}},
  journal = cacm,
  year = 1970,
  volume = 13,
  number = 2,
  pages = {94--102},
  month = feb,
  publisher = {ACM},
  note = {}
}

@BOOK{Wirth76,
  author = {Wirth, Niklaus},
  title = {{Algorithms + Data Structures = Programs}},
  volume = {},
  series = {},
  publisher = {Prentice-Hall},
  address = {Englewood Cliff},
  edition = {1st},
  month = {},
  year = 1976,
  note = {}
}

@BOOK{Cormen90,
  author = {Cormen, Thomas H. and Leiseison, Charles E. and Rivest, Ronald L.},
  title = {{Introduction to Algorithms}},
  volume = {},
  series = {},
  publisher = {MIT Press},
  address = {},
  edition = {},
  month = {},
  year = 1990,
  note = {}
}

@BOOK{Kernighan88,
  author = {Kernighan, Brian W. and Ritchie, Dennis M.},
  title = {{The C Programming Language}},
  volume = {},
  series = {},
  publisher = {Prentice Hall},
  address = {Englewood Cliffs, NJ},
  edition = {2nd edition},
  month = {},
  year = 1988,
  note = {}
}

@BOOK{Aho86,
  author = {Aho, Alfred V. and Sethi, Ravi and Ullman, Jeffrey D.},
  title = {{Compilers: Principles, Techniques, and Tools}},
  volume = {},
  series = {},
  publisher = {Addison Wesley},
  address = {Reading, Massachusetts},
  edition = {},
  month = {},
  year = 1986,
  isbn = {0201100886},
  note = {}
}

@BOOK{Aho06,
  author = {Aho, Alfred V. and Lam, Monica S. and Sethi, Ravi and Ullman, Jeffrey D.},
  editor = {},
  title = {{Compilers: Principles, Techniques, and Tools}},
  publisher = {Addison-Wesley},
  year = 2006,
  address = {Boston, MA, USA},
  edition = {second},
  volume = {},
  number = {},
  series = {},
  month = {},
  note = {}
}

@BOOK{Grune08,
  author = {Grune, Dick and Jacobs, Ceriel J. H.},
  editor = {},
  title = {{Parsing Techniques}},
  publisher = {Springer},
  year = 2008,
  address = {},
  edition = {second},
  volume = {},
  number = {},
  series = {{Monographs in Computer Science}},
  month = {},
  note = {}
}

@BOOK{Grune90,
  author = {Grune, Dick and Jacobs, Ceriel J.~H.},
  editor = {},
  title = {{Parsing Techniques: A Practical Guide}},
  publisher = {{Ellis Horwood}},
  year = 1990,
  address = {Chichester, England},
  edition = {},
  volume = {},
  number = {},
  series = {},
  month = {},
  note = {}
}

@BOOK{Farghaly03,
  editor = {Farghaly, Ali},
  title = {{A Handbook for Language Engineers}},
  publisher = {{Center for the Study of Language and Information}},
  year = 2003,
  address = {},
  edition = {},
  volume = {},
  number = {},
  series = {},
  month = {},
  note = {}
}

@BOOK{Hoffman01,
  author = {Hoffman, Kevin and Gabriel, Jeff and Gosnell, Denise and Hasan, Jeff and Holm, Christian and Musters, Ed and Narkiewickz, Jan and Schenken, John and Thangarathinam, Thiru and Wylie, Scott and Ortiz, Jonothon},
  title = {{Professional \textsf{.NET} Framework}},
  volume = {},
  series = {},
  publisher = {Wrox Press.},
  address = {},
  edition = {},
  month = {},
  year = 2001,
  note = {}
}

@BOOK{Stutz03,
  author = {Stutz, David and Neward, Ted and Shilling, Geoff},
  title = {{Shared Source CLI Essentials}},
  volume = {},
  series = {},
  publisher = {O'Reilly},
  address = {},
  edition = {},
  month = mar,
  year = 2003,
  note = {}
}

@BOOK{Steinberg08,
  author = {Steinberg, Dave and Budinsky, Dave and Paternostro, Marcelo and Merks, Ed},
  editor = {},
  title = {{EMF: Eclipse Modeling Framework}},
  publisher = {{Addison-Wesley}},
  year = 2008,
  address = {},
  edition = {},
  volume = {},
  number = {},
  series = {},
  month = dec,
  note = {}
}

@ARTICLE{Goyal03,
  author = {Goyal, Vikram},
  title = {{Analyze Your Classes}},
  journal = {O'Reilly},
  volume = {},
  number = {},
  pages = {},
  year = 2003,
  month = oct,
  note = {Available at \url{http://www.onjava.com/pub/a/onjava/2003/10/22/bcel.html?page=1}}
}

@MISC{bcel,
  key = {{BCEL Front Page}},
  note = {BCEL documentation available at \url{http://jakarta.apache.org/bcel/}},
}

@INPROCEEDINGS{Batory98,
  author = {Batory, Don and Lofaso, Bernie and Smaragdakis, Yannis},
  title = {{JTS: Tools for Implementing Domain-Specific Languages}},
  booktitle = {{Proceedings of the 5th International Conference on Software Reuse (ICSR'98)}},
  year = 1998,
  editor = {},
  pages = {143--153},
  address = {Victoria, BC, Canada},
  organization = {},
  publisher = {IEEE Computer Society},
  volume = {},
  number = {},
  series = {},
  month = jun,
  note = {}
}

@BOOK{Parr07,
  author = {Parr, Terence},
  editor = {},
  title = {{The Definitive ANTLR Reference: Building Domain-Specific Languages}},
  publisher = {{The Pragmatic Bookshelf}},
  year = 2007,
  address = {},
  edition = {},
  volume = {},
  number = {},
  series = {},
  month = may,
  note = {}
}

@ARTICLE{Dijkstra72,
  author = {Dijkstra, Edsger Wybe},
  title = {{The Humble Programmer}},
  journal = cacm,
  year = 1972,
  volume = 15,
  number = 10,
  pages = {859--866},
  month = oct,
  publisher={ACM},
  note = {}
}

@ARTICLE{Sheard02,
  author = {Sheard, Tim and Peyton Jones, Simon},
  title = {{Template Meta-Programming for Haskell}},
  journal = {{ACM Sigplan Notices}},
  year = 2002,
  volume = 37,
  number = 12,
  pages = {60--75},
  month = dec,
  note = {}
}

@MISC{Odersky12,
  author = {Odersky, Martin},
  title = {{Reflection and Compilers}},
  howpublished = {{Keynote at \texttt{Lang.NEXT}}},
  month = apr,
  year = 2012,
  note = {Available at \url{http://channel9.msdn.com/Events/Lang-NEXT/Lang-NEXT-2012/Reflection-and-Compilers}}
}

@ARTICLE{Chase94,
  author = {Chase, David},
  title = {{Implementation of Exception Handling}},
  journal = {{The Journal of C Language Translation}},
  year = 1994,
  volume = 5,
  number = 4,
  pages = {229--240},
  month = jun,
  note = {}
}

@TECHREPORT{Celovic04,
  author = {Celovic, Dino and Soukouti, Nader},
  title = {{About Effective Exception Handling}},
  institution = {Sanabel Solutions},
  year = 2004,
  type = {White Paper},
  number = {},
  address = {},
  month = {},
  note = {}
}

@INPROCEEDINGS{Voelter14,
  author = {V{\"o}lter, Markus and Siegmund, Janet and Berger, Thorsten and Kolb, Bernd},
  title = {{Towards User-Friendly Projectional Editors}},
  booktitle = {{Proceedings of the 7th International Conference on Software Language Engineering (SLE'14)}},
  year = 2014,
  editor = {Combemale, Beno{\^\i}t and Pearce, David J. and Barais, Olivier and Vinju, Jurgen J.},
  pages = {41--61},
  address = {V{\"a}ster{\aa}s, Sweden},
  organization = {},
  publisher = {Springer},
  volume = {},
  number = {},
  series = {Lecture Notes in Computer Science Volume 8706},
  month = sep,
  note = {}
}

@INPROCEEDINGS{Loh06,
  author = {L\"oh, Andres and Hinze, Ralf},
  title = {{Open Data Types and Open Functions}},
  booktitle = {{Proceedings of the 8th ACM SIGPLAN Symposium on Principles and Practice of Declarative Programming (PPDP'06)}},
  year = 2006,
  editor = {Maher, Michael},
  pages = {133--144},
  address = {Venice, Italy},
  organization = {},
  publisher = {ACM},
  volume = {},
  number = {},
  series = {},
  month = jul,
  note = {}
}

@ARTICLE{Tip95,
  author = {Tip, Frank},
  title = {{A Survey of Programming Slicing Techniques}},
  journal = {{Journal of Programming Languages}},
  publisher = {},
  year = 1995,
  volume = 3,
  number = 3,
  pages = {121--189},
  month = {},
  note = {}
}

@ARTICLE{Coelho17,
  author = {Coelho, Roberta and Almeida, Lucas and Gousios, Georgios and van Deursen, Arie and Treude, Christoph},
  title = {{Exception Handling Bug Hazards in Android}},
  journal = {{Empirical Software Engineering}},
  publisher = {Springer},
  year = 2017,
  volume = 22,
  number = {},
  pages = {1264--1304},
  month = jun,
  note = {}
}

@INPROCEEDINGS{Padua18,
  author = {{\sortnoop{P\'adua}}de P\'adua, Guilherme and Shang, Weiyi},
  title = {{Studying the Relationship between Exception Handling Practices and Post-Release Defects}},
  booktitle = {{Proceedings of the 15th International Conference on Mining Software Repositories (MSR'18)}},
  year = 2018,
  editor = {Kamei, Yasutaka and Hill, Emily},
  pages = {564--575},
  address = {Gothenburg Sweden},
  organization = {},
  publisher = {ACM},
  volume = {},
  number = {},
  series = {},
  month = may,
  note = {}
}

@INPROCEEDINGS{Ruan12,
  author = {Ruan, Dong and Lu, Shiyong and Mohan, Aravind and Fei, Xubo and Zhang, Jia},
  title = {{A User-Defined Exception Handling Framework in the VIEW Scientific Workflow Management System}},
  booktitle = {{Proceedings of the Ninth International Conference on Services Computing (SC'12)}},
  year = 2012,
  editor = {Moser, Louise and Parashar, Manish and Hung, Patrick},
  pages = {274--281},
  address = {Honolulu, Hawaii, USA},
  organization = {},
  publisher = {IEEE},
  volume = {},
  number = {},
  series = {},
  month = jun,
  note = {}
}

@INPROCEEDINGS{Chiu00,
  author = {Chiu, Dickson and Li, Qing and Karlapalem, Kamalakar},
  title = {{A Logical Framework for Exception Handling in ADOME Workflow Management System}},
  booktitle = {{Proceedings of the 12th International Conference on Advanced Information Systems Engineering (CAiSE'00)}},
  year = 2000,
  editor = {Wangler, Benkt and Bergman, Lars},
  pages = {110--125},
  address = {Stockholm, Sweden},
  organization = {},
  publisher = {Springer},
  volume = {},
  number = {},
  series = {Lecture Notes in Computer Science 1789},
  month = jun,
  note = {}
}

@ARTICLE{Ogasawara01,
  author = {Ogasawara, Takeshi and Komatsu, Hideaki and Nakatani, Toshio},
  title = {{A Study of Exception Handling and Its Dynamic Optimization in Java}},
  journal = {{Sigplan Notices}},
  publisher = {ACM},
  year = 2001,
  volume = 36,
  number = 11,
  pages = {83--95},
  month = oct,
  note = {}
}

@INPROCEEDINGS{Cabral09,
  author = {Cabral, Bruno and Marques, Paulo},
  title = {{Implementing Retry---Featuring AOP}},
  booktitle = {{Proceedings of the Fourth Latin-American Symposium on Dependable Computing (LADC'09)}},
  year = 2009,
  editor = {Buzato, Luiz Eduardo and Madeira, Henrique},
  pages = {73--80},
  address = {Jo\~ao Pessoa, Brazil},
  organization = {},
  publisher = {IEEE},
  volume = {},
  number = {},
  series = {},
  month = sep,
  note = {}
}

@ARTICLE{Harris20,
  author = {Harris, Charles R. and Millman, K. Jarrod and van der Walt, St\'efan J. and Gommers, Ralf and Virtanen, Pauli and Cournapeau, David and Wieser, Eric and Taylor, Julian and Berg, Sebastian and Smith, Nathaniel J. and Kern, Robert and Picus, Matti and Hoyer, Stephan and van Kerkwijk, Marten H. and Brett, Matthew and Haldane, Allan and del Río, Jaime Fern\'andez and Wiebe, Mark and Peterson, Pearu and G\'erard-Marchant, Pierre and Sheppard, Kevin and Reddy, Tyler and Weckesser, Warren and Abbasi, Hameer and Gohlke, Christoph and Oliphant, Travis E.},
  title = {{Array Programming with NumPy}},
  journal = {{Nature}},
  publisher = {Springer},
  year = 2020,
  volume = 585,
  number = 7825,
  pages = {357--362},
  month = sep,
  note = {}
}

@ARTICLE{Albrecht80,
  author = {Albrecht, Paul F. and Garrison, Philip E. Graham, Susan L. and Hyerle, Robert H. and Ip, Patricia and Krieg-Br\"uckner, Bernd},
  title = {{Source-to-Source Translation: Ada to Pascal and Pascal to Ada}},
  journal = {{ACM Sigplan Notices}},
  publisher = {ACM},
  year = 1980,
  volume = 15,
  number = 11,
  pages = {183--193},
  month = nov,
  note = {}
}

@ARTICLE{Coco18,
  author = {Coco, Eman J. and Osman, Hadeel A. and Osman, Niemah I.},
  title = {{JPT: A Simple Java-Python Translator}},
  journal = {{Computer Applications: An International Journal}},
  publisher = {AIRCC Publishing Corporation},
  year = 2018,
  volume = 5,
  number = 2,
  pages = {},
  month = may,
  note = {}
}

@ARTICLE{Seymour03,
  author = {Seymour, Keith and Dongarra, Jack},
  title = {{Automatic Translation of Fortran to JVM Bytecode}},
  journal = {{Concurrency and Computation: Practice and Experience}},
  publisher = {John Wiley and Sons, Ltd.},
  year = 2003,
  volume = 15,
  number = {},
  pages = {207--222},
  month = feb,
  note = {}
}

@INPROCEEDINGS{Barros22,
  author = {Barros, Djonathan and Peldszus, Sven and Assun\c{c}\~ao, Wesley K. G. and Berger, Thorsten},
  title = {{Editing Support for Software Languages: Implementation Practices in Language Server Protocols}},
  booktitle = {{Proceedings of the 25th International Conference on Model Driven Engineering Langauges and Systems (MoDELS'22)}},
  year = 2022,
  editor = {Wimmer, Manuel},
  pages = {232--243},
  address = {Montr\'eal, Canada},
  organization = {},
  publisher = {ACM},
  volume = {},
  number = {},
  series = {},
  month = oct,
  note = {}
}

@INPROCEEDINGS{Rodriguez-Echeverria18,
  author = {Rodriguez-Echeverr{\'\i}a, Roberto and C\'anovas Izquierdo, Javier Luis and Wimmer, Manuel and Cabot, Jordi},
  title = {{An LSP Infrastructure to Build EMF Language Servers for Web-Deployable Model Editors}},
  booktitle = {{Proceedings of the 2nd International Workshop on Model-Driven Engineering Tools (MDE-Tools'18)}},
  year = 2018,
  editor = {Hebig, Regina and Berger, Thorsten},
  pages = {1--10},
  address = {Copenhage, Denmark},
  organization = {},
  publisher = {CEUR},
  volume = {},
  number = {},
  series = {},
  month = oct,
  note = {}
}

@INPROCEEDINGS{Rani20,
  author = {Rani, Fatima and Diez, Pablo and Chavarriaga, Enrique and Guerra, Esther and de Lara, Juan},
  title = {{Automated Migration of EuGENia Graphical Editors to the Web}},
  booktitle = {{Proceedings of the 23rd International Conference on Model Driven Engineering Languages and Systems (MoDELS'20)}},
  year = 2020,
  editor = {de Lara, Juan},
  pages = {71:1--71:7},
  address = {Virtual Event Canada},
  organization = {},
  publisher = {ACM},
  volume = {},
  number = {},
  series = {},
  month = oct,
  note = {}
}

@INPROCEEDINGS{Adams18,
  author = {Adams, Ulf},
  title = {{Ry\(\bar{\text{u}}\): Fast Float-to-String Conversion}},
  booktitle = {{Proceedings of the 39th ACM Conference on Programming Language Design and Implementation (PLDI'18)}},
  year = 2018,
  editor = {Grossman, Dan},
  pages = {270--282},
  address = {Philadelphia, PA, USA},
  organization = {},
  publisher = {ACM},
  volume = {},
  number = {},
  series = {},
  month = jun,
  note = {}
}
