@STRING{toplas = "ACM Transaction on Programming Languages and Systems"}

@INPROCEEDINGS{Springer16,
  author = {Springer, Matthias and Niephaus, Fabio and Hirschfeld, Robert and Masuhara, Hidehiko},
  title = {{Matriona: Class Nesting with Parametrization in Squeak/Smalltalk}},
  booktitle = {{Proceedings of the 15th International Conference on Modularity (Modularity'16)}},
  year = 2016,
  editor = {Batory, Don},
  pages = {118-129},
  address = {M\'alaga, Spain},
  organization = {},
  publisher = {ACM},
  volume = {},
  number = {},
  series = {},
  month = mar,
  note = {}
}

@INPROCEEDINGS{Marr15,
  author = {Marr, Stefan and Seaton, Chris and Ducasse, St\'ephane},
  title = {{Zero-Overhead Metaprogramming: Reflection and Metaobject Protocols Fast and without Compromises}},
  booktitle = {{Proceedings of the 36th Conference on Programming Language Design and Implementation (PLDI'15)}},
  year = 2015,
  editor = {Blackburn, Steve},
  pages = {},
  address = {Portland, OR, USA},
  organization = {},
  publisher = {},
  volume = {},
  number = {},
  series = {},
  month = jun,
  note = {}
}

@INPROCEEDINGS{Marr15b,
  author = {Marr, Stefan and Ducasse, St\'ephane},
  title = {{Tracing vs.\ Partial Evaluation: Comparing Meta-Compilation Approaches for Self-Optimizing Interpreters}},
  booktitle = {{Proceedings of the 30th International Conference on Object-Oriented Programming, Systems, Languages, and Applications (OOPSLA'15)}},
  year = 2015,
  editor = {Aldrich, Jonathan and Eugster, Patrick},
  pages = {821--839},
  address = {Pittsburgh, PA, USA},
  organization = {},
  publisher = {ACM},
  volume = {},
  number = {},
  series = {},
  month = oct,
  note = {}
}

@INPROCEEDINGS{Sizhong01,
  author = {Sizhong, Yang and Jinde, Liu and Zhigang, Luo},
  title = {{RECOM: a Reflective Architecture of Middleware}},
  booktitle = {{Proccedings of the International Conference on Info-Tech and Info-Net (ICII'01)}},
  year = 2001,
  editor = {},
  pages = {339--344},
  address = {Beijing, China},
  organization = {},
  publisher = {},
  volume = {},
  number = {},
  series = {},
  month = oct,
  isbn = {0-7803-7010-4},
  note = {}
}

@INPROCEEDINGS{Tramontana99,
  author = {Tramontana, Emiliano and de Lemos, Rogerio},
  title = {{Reflective Architecture Supporting Evolution: a Case Study}},
  booktitle = {{Proceedings of the OOPSLA Workshop on OO Reflection and Software Engineering (OORaSE'99)}},
  year = 1999,
  editor = {},
  pages = {},
  address = {Denver, CO, USA},
  organization = {},
  publisher = {},
  volume = {},
  number = {},
  series = {},
  month = oct,
  note = {}
}

@INPROCEEDINGS{DiStefano02,
  author = {Di Stefano, Antonella and Pappalardo, Giuseppe and Santoro, Corrado and Tramontana, Emiliano},
  title = {{Extending Applications Using Reflective Assistant Agent}},
  booktitle = {{Proceedings of the 26th Annual International Computer Software and Applications Conference (COMPSAC'02)}},
  year = 2002,
  editor = {Yang, Hongji},
  pages = {587--594},
  address = {Oxford, United Kingdom},
  organization = {},
  publisher = {IEEE},
  volume = {},
  number = {},
  series = {},
  month = aug,
  note = {}
}

@TECHREPORT{Tanter09,
  author = {Tanter, \'Eric},
  title = {{Reflection and Open Implementation}},
  institution = {{DCC, University of Chile}},
  year = 2009,
  type = {},
  number = {TR-DCC-20091123-013},
  address = {},
  month = nov,
  note = {}
}

@PHDTHESIS{Amoui12b,
  author = {Amoui Kalareh, Mehdi},
  title = {{Evolving Software Systems for Self-Adaptation}},
  school = {University of Waterloo},
  year = 2012,
  address = {Waterloo, Ontario, Canada},
  type = {PhD Thesis},
  month = apr,
  note = {}
}

@INPROCEEDINGS{Tanter01,
  author = {Tanter, \'Eric and Piquer, Jos\'e},
  title = {{Managing References Upon Object Migration: Applying Separation of Concerns}},
  booktitle = {{Proceedings of the XXI International Conference of the Chilean Computer Science Society (SCCC'01)}},
  year = 2001,
  editor = {},
  pages = {264--272},
  address = {Punta Arenas, Chile},
  organization = {},
  publisher = {},
  doi = {http://dx.doi.org/10.1109/SCCC.2001.972656},
  isbn = {0-7695-1396-4},
  volume = {},
  number = {},
  series = {},
  month = nov,
  note = {}
}

@INPROCEEDINGS{Qilin09,
  author = {Qilin, Li and Wei, Zhen and Mintian, Zhou},
  title = {{Research on Reflective Middleware System}},
  booktitle = {{Proceedings of the International Forum on Information Technology and Applications (IFITA'09)}},
  year = 2009,
  editor = {},
  pages = {3--6},
  address = {Cheng Du, China},
  organization = {},
  publisher = {},
  volume = {},
  number = {},
  series = {},
  month = may,
  note = {}
}


@ARTICLE{Ferreira10,
  author = {Ferreira, Hugo Sereno and Figueiredo correia, Filipe and Aguiar, Ademar and Faria, Jo{\~a}o Pascoal},
  title = {{Adaptive Object-Models: a Research Roadmap}},
  journal = {{International Journal on Advances in Software}},
  year = 2010,
  volume = 3,
  number = 1#"/"#2,
  pages = {70--89},
  month = sep,
  note = {}
}

@INPROCEEDINGS{Ferreira09,
  author = {Ferreira, Hugo Sereno and Aguiar, Ademar and Faria, Jo{\~a}o Pascoal},
  title = {{Adaptive Object-Modelling: Patterns, Tools and Application}},
  booktitle = {{Proceedings of the 4th International Conference on Software Engineering Advances (ICSEA'09)}},
  year = 2009,
  editor = {},
  pages = {530--535},
  address = {},
  organization = {Porto, Portugal},
  publisher = {IEEE Computer Society},
  volume = {},
  number = {},
  series = {},
  month = oct,
  note = {}
}

@ARTICLE{Kephart03,
  author = {Kephart, Jeffrey O. and Chess, David M.},
  title = {{The Vision of Autonomic Computing}},
  journal = {IEEE Computer},
  year = 2003,
  volume = 36,
  number = 1,
  pages = {41-50},
  month = jan,
  note = {}
}

@ARTICLE{Dobson10,
  author = {Dobson, Simon},
  title = {{Fulfilling the Vision of Autonomic Computing}},
  journal = {IEEE Computer},
  year = 2010,
  volume = 43,
  number = 1,
  pages = {35-41},
  month = jan,
  note = {}
}

@INPROCEEDINGS{Keeney03,
  author = {Keeney, John and Cahill, Vinny},
  title = {{Chisel: A Policy-Driven, Context-Aware, Dynamic Adaptation Framework}},
  booktitle = {{Proceedings of the 4th International Workshop on Policies for Distributed Systems and Networks (POLICY'03)}},
  year = 2003,
  editor = {},
  pages = {3-14},
  address = {Como, Italy},
  organization = {IEEE},
  publisher = {},
  volume = {},
  number = {},
  series = {},
  month = jun,
  note = {}
}

@PHDTHESIS{Bencomo08,
  author = {Bencomo, Nelly},
  title = {{Supporting the Modelling and Generation of Reflective Middleware Families and Applications using Dynamic Variability}},
  school = {Computing Department, Lancaster University},
  year = 2008,
  address = {Lancaster, United Kingdom},
  type = {PhD Thesis},
  month = mar,
  note = {}
}

@INPROCEEDINGS{Bencomo09,
  author = {Bencomo, Nelly},
  title = {{On the Use of Software Models during Software Execution}},
  booktitle = {{Proceedings of the ICSE Workshop on Modeling in Software Engineering (MISE'09)}},
  year = 2009,
  editor = {},
  pages = {},
  address = {Vancouver, Canada},
  organization = {},
  publisher = {},
  volume = {},
  number = {},
  series = {},
  month = may,
  note = {}
}

@ARTICLE{Floch06,
  author = {Floch, Jacqueline and Hallsteinsen, Svein and Stav, Erlend and Eliassen, Frank and Lund, Ketil and Gj{\o}rven, Eli},
  title = {{Beyond Design Time: Using Architecture Models for Runtime Adaptability}},
  journal = {{IEEE Software}},
  year = 2006,
  volume = 23,
  number = 2,
  pages = {62-70},
  month = mar,
  note = {}
}

@PHDTHESIS{Costa-Soria11,
  author = {Costa-Soria, Crist\'obal},
  title = {{Dynamic Evolution and Reconfiguration of Software Architectures Through Aspects}},
  school = {{Universitat Polit\`ecnica de Val\`encia}},
  year = 2011,
  address = {Val\`encia, Spain},
  type = {PhD Thesis},
  month = jun,
  note = {}
}

@INPROCEEDINGS{DiStefano03,
  author = {Di Stefano, Antonella and Fargetta, Marco and Tramontana, Emiliano},
  title = {{Computational Reflection for Embedded Java Systems}},
  booktitle = {{Proceedings of OTM Workshops}},
  year = 2003,
  editor = {Meersman, R. and Tari, Z.},
  pages = {437-450},
  address = {},
  organization = {},
  publisher = {Springer},
  volume = {},
  number = {},
  series = {LNCS 2889},
  month = {},
  note = {}
}


@INPROCEEDINGS{Costa-Soria09,
  author = {Costa-Soria, Crist\'obal and Herv\'as-Mu\~noz, David and P\'erez Bened\'\i, Jennifer and Cars{\'\i} Cubel, Jos\'e {\'A}ngel},
  title = {{A Reflective Approach for Supporting the Dynamic Evolution of Component Types}},
  booktitle = {{Proceedings of the 14th IEEE International Conference on Engineering of Complex Computer Systems (ICECCS'09)}},
  year = 2009,
  editor = {},
  pages = {301-310},
  address = {Potsdam, Germany},
  organization = {},
  publisher = {},
  volume = {},
  number = {},
  series = {},
  month = jun,
  note = {}
}

@INPROCEEDINGS{Clark08,
  author = {Clark, Tony and Sammut, Paul and Willans, James},
  title = {{Beyond Annotations: A Proposal for Extensible Java (XJ)}},
  booktitle = {{Proceedings of the 8th IEEE International Working Conference on Source Code Analysis and Manipulation (SCAM'08)}},
  year = 2008,
  editor = {},
  pages = {229-238},
  address = {Bejing, China},
  organization = {IEEE Computer Society},
  publisher = {},
  volume = {},
  number = {},
  series = {},
  month = sep,
  note = {}
}

@ARTICLE{Capra03,
  author = {Capra, Licia and Emmerich, Wolfgang and Mascolo, Cecilia},
  title = {{CARISMA: Context-Aware Reflective Middleware System for Mobile Applications}},
  journal = ieeese,
  year = 2003,
  volume = 29,
  number = 10,
  pages = {929-945},
  month = oct,
  note = {}
}

@ARTICLE{Gjerlufsen09,
  author = {Gjerlufsen, T. and Ingstrup, M. and Olsen, J. W.},
  title = {{Mirrors of Meaning: Supporting Inspectable Runtime Models}},
  journal = {{IEEE Computer}},
  year = 2009,
  volume = 42,
  number = 10,
  pages = {61--68},
  month = oct,
  note = {}
}

@INPROCEEDINGS{Adorni06,
  author = {Adorni, Marzia and Micucci, Daniela},
  title = {{Dynamic Adaptive Navigation via MAIS Reflective Framework}},
  booktitle = {{Proceedings of International Conference on Autonomic and Autonomous Systems (ICAS'06)}},
  year = 2006,
  editor = {},
  pages = {},
  address = {Silicon Valley, CA, USA},
  organization = {},
  publisher = {},
  volume = {},
  number = {},
  series = {},
  month = jul,
  note = {}
}

@INPROCEEDINGS{Trentini04,
  author = {Trentini, Andrea and Micucci, Daniela},
  title = {{Reflective Quality of Service in the Real-Time Performers Framework}},
  booktitle = {{Proceedings of JIISIC}},
  year = 2004,
  editor = {},
  pages = {},
  address = {Madrid, Spain},
  organization = {},
  publisher = {},
  volume = {},
  number = {},
  series = {},
  month = nov,
  note = {}
}

@INPROCEEDINGS{Blair02,
  author = {Blair, Gordon S. and Coulson, Geoff and Blair, Lynne and Duran-Limon, Hector and Grace, Paul and Moreira, Rui and Parlavantzas, Nikos},
  title = {{Reflection, Self-Awareness and Self-Healing in OpenORB}},
  booktitle = {{Proceedings of the 1st Workshop on Self-Healing Systems (WOSS'02)}},
  year = 2002,
  editor = {Garlan, David and Kramer, Jeff and Wolf, Alexander L.},
  pages = {9-14},
  address = {Charleston, South Carolina, USA},
  organization = {},
  publisher = {ACM},
  volume = {},
  number = {},
  series = {},
  month = nov,
  note = {}
}

@INPROCEEDINGS{Grace03,
  author = {Grace, Paul and Blair, Gordon S. and Samuel, Sam},
  title = {{ReMMoC: A Reflective Middleware to Support Mobile Client Interoperability}},
  booktitle = {{Proceedings of the Cooperative Information Systems (CoopIS) 2003 International Conference}},
  year = 2003,
  editor = {Robert Meersman and Zahir Tari and Schmidt, Douglas C.},
  pages = {1170-1187},
  address = {Catania, Sicily, Italy},
  organization = {},
  publisher = {},
  volume = {},
  number = {},
  series = {LNCS 2888},
  month = nov,
  note = {}
}

@INPROCEEDINGS{Attardi03b,
  author = {Giuseppe Attardi and Antonio Cisternino and Andrew Kennedy},
  title = {{Code Bricks: Code Fragments as Building Blocks}},
  editor = {},
  booktitle = {{Proceedings of 2003 SIGPLAN Workshop on Partial Evaluation and Semantic-Based Program Manipulation (PEPM'03)}},
  series = {},
  month = {},
  publisher = {},
  address = {San Diego, CA, USA},
  pages = {66-74},
  year = 2003,
  note = {}
}

@INPROCEEDINGS{Masuhara01,
  author = {Hidehiko Masuhara and Akinori Yonezawa},
  title = {{Run-time Bytecode Specialization: A Portable Approach to Generating Optimized Specialized Code}},
  editor = {},
  booktitle = {{Proceedings of Programs as Data Objects, Second Symposium, PADO'01}},
  series = {},
  month = {},
  publisher = {},
  address = {},
  pages = {},
  year = 2001,
  note = {}
}

@ARTICLE{Attardi04,
  author = {Giuseppe Attardi and Antonio Cisternino and Diego Colombo},
  title = {{CIL + Metadata $>$ Executable Program}},
  journal = {Journal of Object Technology. Special issue: .NET: The Programmer's Perspective: ECOOP Workshop 2003},
  year = 2004,
  volume = 3,
  number = 2,
  pages = {19-26},
  month = {},
  note = {}
}

@ARTICLE{Forax05,
  author = {Forax, R\'emi and Duri, Etienne and Roussel, Gilles},
  title = {{Reflection-Based Implementation of Java Extensions: the Double-Dispatch Use-Case}},
  journal = {Journal of Object Technology},
  year = 2005,
  volume = 4,
  number = 10,
  pages = {71-90},
  month = dec,
  note = {}
}

@ARTICLE{Newkirk02,
  author = {Newkirk, James W. and Vorontsov, Alexei A.},
  title = {{How .NET's Custom Attributes Affect Design}},
  journal = {IEEE Software},
  year = 2002,
  volume = 19,
  number = 5,
  pages = {18-20},
  month = sep#"/"#oct,
  note = {}
}

@ARTICLE{Attardi03,
  author = {Giuseppe Attardi and Antonio Cisternino},
  title = {{Multistage Programming Support in CLI}},
  journal = {IEE Proceedings Software},
  year = 2003,
  volume = 150,
  number = 5,
  pages = {275-281},
  month = oct,
  note = {}
}

@PHDTHESIS{Cisternino03,
  author = {Antonio Cisternino},
  title =  {{Multi-Stage and Meta-Programming Support in Strongly Typed Execution Engines}},
  school = {Dipartimento di Informatica, Universit\`a di Pisa},
  year =  2003,
  month = may,
  address = {Pisa, Italia},
  annote = {}
}

@INPROCEEDINGS{Tanter02,
  author = {\'Eric Tanter and S\'egura-Devillechaise, Marc and Jacques Noy\'e and Jos\'e Piquer},
  title = {{Altering Java Semantics via Bytecode Manipulation}},
  editor = {Batory, Don S. and Consel, Charles and Taha, Walid},
  booktitle = {{Proceedings of Generative Programming and Component Engineering (GPCE'02)}},
  series = {LNCS 2487},
  month = oct,
  publisher = {Springer},
  address = {Pittsburgh, PA, USA},
  pages = {283-298},
  year = 2002,
  note = {}
}

@INPROCEEDINGS{Chiba03,
  author = {Shigeru Chiba and Muga Nishizawa},
  title = {{An Easy-to-Use Toolkit for Efficient Java Bytecode Translators}},
  editor = {Pfenning, Frank and Smaragdakis, Yannis},
  booktitle = {{Proceedings of Generative Programming and Component Engineering (GPCE'03)}},
  series = {LNCS 2830},
  month = sep,
  publisher = {Springer},
  address = {Erfurt, Germany},
  pages = {364-376},
  year = 2003,
  note = {}
}

@ARTICLE{Agha02,
  author = {Gul A. Agha},
  title = {{Adaptive Middleware}},
  journal = cacm,
  year = 2002,
  volume = 45,
  number = 6,
  pages = {30-32},
  month = jun,
  note = {}
}

@ARTICLE{Kon02,
  author = {Fabio Kon and F{\'a}bio Costa and Gordon Blair and Roy H.\ Campbell},
  title = {{The Case for Reflective Middleware}},
  journal = cacm,
  year = 2002,
  volume = 45,
  number = 6,
  pages = {33-38},
  month = jun,
  note = {}
}

@INPROCEEDINGS{Webb01,
  author = {Darren Webb and Andrew L. Wendelborn},
  title = {{Gekko: A Metalevel for Adaptation in Nexus}},
  booktitle = {{Proceedings of IEEE International Symposium on Cluster Computing and the Grid (CCGrid'01)}},
  month = may,
  address = {Brisbane, Australia},
  pages = {},
  year = 2001,
  note = {}
}

@INPROCEEDINGS{Andersen2000,
  author = {Anders Andersen and Gordon S. Blair and Frank Eliassen},
  title = {{OOPP: A Reflective Component-Based Middleware}},
  booktitle = {{Proceedings of Norwegian Computer Science Conference (NIK 2000)}},
  month = nov,
  address = {Bod{\o}, Norway},
  pages = {},
  year = 2000,
  note = {}
}

@InProceedings{Eliassen99,
  author = {Frank Eliassen and Anders Andersen and Gordon S. Blair and F{\'a}bio Costa and Geoff Coulson and Vera Goebel and {\O}ivind Hanssen and Tom Kristensen and Thomas Plageman and Hans Ole Rafaelsen and Katia B. Saikoski and Weihai Yu},
  title = {{Next Generation Middleware: Requirements, Architecture, and Prototypes}},
  booktitle = {7th IEEE Workshop on Future Trends of Distributed Computing Systems (FTDCS '99)},
  month = dec,
  address = {Cape Town, South Africa},
  year = 1999
}

@ARTICLE{Duran-Limon04,
  author = {Duran-Limon, Hector A. and Blair, Gordon S. and Coulson, Geoff},
  title = {{Adaptive Resource Management in Middleware: A Survey}},
  journal = {{IEEE Distributed Systems Online}},
  year = 2004,
  volume = 5,
  number = 7,
  pages = {},
  month = jul,
  note = {}
}

@InProceedings{Blair2000,
  author = {Gordon S. Blair and Geoff Coulson and Anders Andersen and Lynne Blair and Mike Clarke and F\'abio Costa and Hector Duran-Limon and Nikos Parlavantzas and Katia B. Saikoski},
  title = {{A Principled Approach to Supporting Adaptation in Distributed Mobile Environments}},
  booktitle = {5th International Symposium on Software Engineering for Parallel and Distributed Systems (PDSE-2000)},
  year = 2000,
  month = jun,
  address = {Limerick, Ireland}
}

@INPROCEEDINGS{Barga96,
  author = {Roger Barga and Calton Pu},
  title = {{Reflection on a Legacy Transaction Processing Monitor}},
  booktitle = {Proceedings of Reflection'96},
  address = {San Francisco, CA, USA},
  month = apr,
  year = 1996
}

@INPROCEEDINGS{Sobel96,
  author = {Sobel, Jonathan M. and Friedman, Daniel P.},
  title = {{An Introduction to Reflection-Oriented Programming}},
  booktitle = {{Proceedings of the 1st International Conference on Meta-Level Architectures and Reflection (Reflection'96)}},
  year = 1996,
  editor = {},
  pages = {},
  address = {San Francisco, CA, USA},
  organization = {},
  publisher = {},
  volume = {},
  number = {},
  series = {},
  month = apr,
  note = {}
}

@MISC{RMW2000,
  author = {Gordon S. Blair and Roy Campbell},
  title = {{Proceedings of the Workshop on Reflective Middleware}},
  howpublished = {Available on-line at \url{http://www.comp.lancs.ac.uk/computing/RM2000/}},
  month = apr ,
  year = 2000,
  pages = {},
  note = {},
}

@INPROCEEDINGS{Kon99,
  author = {Fabio Kon and Roy Campbell and Manuel Rom\'{a}n},
  title = {{Design and Implementation of Runtime Reflection in Communication Middleware: the DynamicTAO Case}},
  booktitle = {{Proceedings of ICDCS'99 Workshop on Middleware}},
  year = 1999
}

@ARTICLE{Roman01,
  author = {Rom\'{a}n, Manuel and Kon, Fabio and Campbel, Roy H.},
  title = {{Reflective Middleware: From Your Desk to Your Hand}},
  journal = {{IEEE Distributed Systems Online (Special Issue on Reflective Middleware)}},
  year = 2001,
  volume = 2,
  number = 5,
  pages = {},
  month = {},
  note = {}
}

@INPROCEEDINGS{Bruneton01,
  author = {Eric Bruneton and Michel Riveill},
  title = {{Experiments with JavaPod, a Platform Designed for the Adaptation of Non-Functional Properties}},
  editor = {Akinori Yonezawa and Satoshi Matsuoka},
  booktitle = {{Proceedings of 3rd International Conference on Metalevel Architectures and Separation of Crosscutting Concerns (Reflection'2001)}},
  series = {LNCS 2192},
  month = sep,
  publisher = {Springer-Verlag},
  address = {Kyoto, Japan},
  pages = {52-72},
  year = 2001,
  note = {}
}

@INPROCEEDINGS{Caromel01,
  author = {Denis Caromel and Fabrice Huet and Julien Vayssi\`{e}re},
  title = {{A Simple Security-Aware MOP for Java}},
  editor = {Akinori Yonezawa and Satoshi Matsuoka},
  booktitle = {{Proceedings of 3rd International Conference on Metalevel Architectures and Separation of Crosscutting Concerns (Reflection'2001)}},
  series = {LNCS 2192},
  month = sep,
  publisher = {Springer-Verlag},
  address = {Kyoto, Japan},
  pages = {118-125},
  year = 2001,
  note = {}
}

@BOOK{Yonezawa01,
  editor = {Akinori Yonezawa and Satoshi Matsuoka},
  title = {{Proceedings of 3rd International Conference on Metalevel Architectures and Separation of Crosscutting Concerns (Reflection'2001)}},
  volume = 2192,
  series = {Lecture Notes in Computer Science},
  publisher = {Springer-Verlag},
  address = {Heidelberg, Germany},
  month = sep,
  year = 2001
}

@INPROCEEDINGS{Dowling2001,
  author = {Jim Dowling and Vinny Cahill},
  title = {{The K-Component Architecture Meta-Model for Self-Adaptive Software}},
  editor = {Akinori Yonezawa and Satoshi Matsuoka},
  booktitle = {{Proceedings of 3rd International Conference on Metalevel Architectures and Separation of Crosscutting Concerns (Reflection'2001)}},
  series = {LNCS 2192},
  month = sep,
  publisher = {Springer-Verlag},
  address = {Kyoto, Japan},
  pages = {81-88},
  year = 2001,
  note = {}
}

@INPROCEEDINGS{Dowling00,
  author = {Jim Dowling and Vinny Cahill},
  title = {{Building a Dynamically Reconfigurable Minimum CORBA Platform with Components, Connectors and Language-Level Support}},
  editor = {},
  booktitle = {{Proceedings of the IFIP/ACM Middleware 2000 Workshop on Reflective Middleware}},
  series = {},
  month = apr,
  publisher = {Springer-Verlag},
  address = {New York, NY, USA},
  pages = {},
  year = 2000,
  note = {}
}

@INPROCEEDINGS{Loques2000,
  author = {Alexandre Sztajnberg and Orlando Loques},
  title = {{Reflection in the R-RIO Configuration Programming Environment}},
  editor = {Gordon S. Blair and Roy Campbell},
  booktitle = {{On Line Proceedings of the Workshop on Reflective Middleware}},
  series = {},
  month = apr,
  publisher = {},
  address = {New York, USA},
  pages = {},
  year = 2000,
  note = {Available on-line at \url{http://www.comp.lancs.ac.uk/computing/RM2000/}}
}

@INPROCEEDINGS{Blair99,
  author = {Gordon S. Blair and F\'{a}bio Costa and Geoff Coulson and Fabien Delpiano and Hector Duran-Limon and Bruno Dumant and Fran\c{c}ois Horn and Nikos Parlavantzas and Jean-Bernard Stefani},
  title = {{The Design of a Resource-Aware Reflective Middleware Architecture}},
  editor = {Pierre Cointe},
  booktitle = {{Proceedings of the 2nd International Conference on Reflection'99}},
  series = {LNCS 1616},
  month = jul,
  publisher = {Springer-Verlag},
  address = {Saint-Malo, France},
  pages = {115-134},
  year = 1999
}

@INPROCEEDINGS{Ledoux99,
  author = {Thomas Ledoux},
  title = {{OpenCorba: A Reflective Open Broker}},
  editor = {Pierre Cointe},
  booktitle = {{Proceedings of the 2nd International Conference on Reflection'99}},
  series = {LNCS 1616},
  month = jul,
  publisher = {Springer-Verlag},
  address = {Saint-Malo, France},
  pages = {197-214},
  year = 1999
}

@BOOK{Paepcke93,
  editor = {Andreas P{\ae}pcke},
  title = {{Object Oriented Programming: The CLOS Perspective}},
  volume = {},
  series = {},
  publisher = {MIT Press},
  address = {},
  edition = {},
  month = {},
  year = 1993,
  note = {},
}

@INPROCEEDINGS{Bobrow93,
  author = {Daniel G. Bobrow and Richard G. Gabriel and Jon L. White},
  title = {{CLOS in Context - The Shape of the Design Space.}},
  editor = {Andreas P{\ae}pcke},
  booktitle = {{Object Oriented Programming: The CLOS Perspective}},
  volume = {},
  year = 1993,
  address = {},
  organization = {},
  publisher = {MIT Press},
  chapter = {second},
  pages = {29-61},
  month = {},
  note = {}
}

@MASTERSTHESIS{FormanN99,
  author = {Nate B.\ Forman},
  title = {{Metaclass-Based Implementation of Software Patterns}},
  school = {University of Texas at Austin},
  type = {Masters Report},
  address = {},
  month = dec,
  year = 1999,
  note = {},
}

@BOOK{Forman04,
  author = {Ira R.\ Forman and Nate B.\ Forman},
  title = {{Java Reflection in Action}},
  volume = {},
  series = {},
  publisher = {Manning Publications},
  address = {},
  edition = {},
  month = oct,
  isbn = {},
  year = 2004,
  note = {},
}

@BOOK{Forman99,
  author = {Ira R.\ Forman and Scott H.\ Danforth},
  title = {{Putting Metaclasses to Work}},
  volume = {},
  series = {},
  publisher = {Addison-Wesley},
  address = {},
  edition = {},
  month = {},
  isbn = {ISBN 0-201-43305-2},
  year = 1999,
  note = {},
}

@INPROCEEDINGS{Harrison93,
  author = {William Harrison and Harold Osher},
  title = {{Subject-Oriented Programming (A Critique of Pure Objects)}},
  editor = {},
  volume = 28,
  booktitle = {{Proceedings of the 8th Annual Conference on Object-Oriented Programming Systems, Languages, and Applications (OOPSLA'93)}},
  series = {},
  month = oct,
  organization = {ACM},
  address = {Washington, DC, USA},
  pages = {411-428},
  year = 1993
}

@INPROCEEDINGS{Danforth94,
  author = {Scott Danforth and Ira R.\ Forman},
  title = {{Reflections on Metaclass Programming in SOM}},
  editor = {},
  volume = 29,
  booktitle = {{Proceedings of the 9th Annual Conference on Object-Oriented Programming Systems, Languages, and Applications (OOPSLA'94)}},
  series = {Sigplan Notice},
  month = oct,
  organization = {ACM},
  address = {Portland, Oregon, USA},
  pages = {440-452},
  year = 1994
}

@INPROCEEDINGS{Kon2000,
  author = {Fabio Kon and Manuel Rom\'an and Ping Liu and Jina Mao and Tomonori Yamane and Luiz Claudio Magalh{\~{a}}es and Roy H. Campbell},
  title = {{Monitoring, Security, and Dynamic Configuration with the dynamicTAO Reflective ORB}},
  editor = {},
  volume = 30,
  booktitle = {{Proceedings of IFIP/ACM International Conference on Distributed Systems Platforms and Open Distributed Processing (Middleware'2000)}},
  series = {},
  month = apr,
  address = {New York, USA},
  pages = {},
  year = 2000
}

@INPROCEEDINGS{Mulet95,
  author = {Philippe Mulet and Jacques Malenfant and Pierre Cointe},
  title = {{Towards a Methodology for Explicit Composition of MetaObjects}},
  editor = {},
  volume = 30,
  booktitle = {{Proceedings of the 10th Annual Conference on Object-Oriented Programming Systems, Languages, and Applications (OOPSLA'95)}},
  series = {Sigplan Notice},
  month = oct,
  organization = {ACM},
  address = {Austin, Texas, USA},
  pages = {316-330},
  year = 1995
}

@INPROCEEDINGS{Jagannathan92,
  author = {Suresh Jagannathan and Gul Agha},
  title = {{A Reflective Model of Inheritance}},
  editor = {Ole Lehrmann Madsen},
  booktitle = {{Proceedings of the 6th European Conference on Object-Oriented Programming (ECOOP'92)}},
  series = {LNCS 615},
  month = jul,
  publisher = {Springer-Verlag},
  address = {Utrecht, The Netherlands},
  pages = {350-371},
  year = 1992
}

@INCOLLECTION{Matsuoka93,
  author = {Satoshi Matsuoka and Akinori Yonezawa},
  title = {{Analysis of Inheritance Anomaly in Object-Oriented Concurrent Programming Language}},
  editor = {Gul Agha and Peter Wegner and Akinori Yonezawa},
  booktitle = {{Research Directions in Concurrent Object-Oriented Programming}},
  series = {},
  number = {},
  publisher = {MIT Press},
  address = {},
  edition = {},
  month = {},
  year = 1993,
  type = {},
  chapter = {},
  pages = {109-126},
  note = {}
}

@INPROCEEDINGS{Milicia04,
  author = {Giuseppe Milicia and Vladimiro Sassone},
  title = {{The Inheritance Anomaly: Ten Years After}},
  editor = {},
  booktitle = {Proceedings of the 9th Annual ACM Symposium on Applied Computing (SAC'04)},
  number = {},
  series = {},
  year = 2004,
  address = {Nicosia, Cyprus},
  organization = {},
  publisher = {ACM Press},
  pages = {1267-1274},
  month = mar,
  note = {}
}

@INPROCEEDINGS{Peters93,
  author = {Peters, Randal J. and \"Ozsu, M. Tamer},
  title = {{Reflection in a Uniform Behavioural Object Model}},
  editor = {},
  booktitle = {Proceedings of the 12th International Conference on Entity-Relationship Approach (ERA'93)},
  number = {},
  series = {},
  year = 1993,
  address = {},
  organization = {},
  publisher = {},
  pages = {37-49},
  month = dec,
  note = {}
}


@INPROCEEDINGS{Clavel96,
  author = {Manuel G. Clavel and Jos\'e Meseguer},
  title = {{Axiomatizing Reflective Logics and Languages}},
  editor = {Gregor Kiczales},
  booktitle = {Proceedings of Reflection'96},
  number = {},
  series = {},
  year = 1996,
  address = {},
  organization = {},
  publisher = {Xerox Parc},
  pages = {263-288},
  month = apr,
  note = {}
}

@INPROCEEDINGS{Clavel97,
  author = {Manuel G. Clavel and Jos\'e Meseguer},
  title = {{Reflection in Rewriting Logic and Its Applications in the Maude Language}},
  editor = {},
  booktitle = {Proceedings of IMSA'97},
  number = {},
  series = {},
  year = 1997,
  address = {Japan},
  organization = {},
  publisher = {Information-Technology Promotion Agency},
  pages = {128-139},
  month = {},
  note = {}
}

@INPROCEEDINGS{Ferreira98,
  author = {Lamour Ferreira, Luciane and Rubira, Cec\'\i{}lia M. F.},
  title = {{The Reflective State Pattern}},
  editor = {Steve Berczuk and Joe Yoder},
  booktitle = {Proceedings of the Pattern Languages of Program Design},
  number = {},
  series = {TR \#WUCS-98-25},
  year = 1998,
  address = {Monticello, Illinois - USA},
  organization = {},
  publisher = {},
  pages = {},
  month = aug,
  note = {}
}

@INPROCEEDINGS{Clavel97b,
  author = {Manuel G. Clavel and Jos\'e Meseguer},
  title = {{Internal Strategies in a Reflective Logics}},
  editor = {Bernhard Gramlich and H\'el\`ene Kirchner},
  booktitle = {Proceedings of the CADE 14th Workshop on Strategies in Automated Deduction},
  number = {},
  series = {},
  year = 1997,
  address = {Townsville, Australia},
  organization = {},
  publisher = {},
  pages = {1-12},
  month = {},
  note = {}
}

@INPROCEEDINGS{Costantini89,
  author = {Stefania Costantini and Gaetano A. Lanzaroni},
  title = {{A Metalogic Programming Language}},
  editor = {Levi, Giorgio and Martelli, Maurizio},
  booktitle = {Proceedings of the 6th International Conference on Logic Programming},
  number = {},
  series = {},
  year = 1989,
  address = {Lisbon, Portugal},
  organization = {},
  publisher = {MIT Press},
  pages = {218-233},
  month = {},
  note = {}
}

@INPROCEEDINGS{Clavel96b,
  author = {Manuel G. Clavel and Jos\'e Meseguer},
  title = {{Reflection and Strategies in Rewriting Logic}},
  editor = {Jos\'e Meseguer},
  booktitle = {Proceedings of the First International Workshop on Rewriting Logic},
  volume = 4,
  series = {Electronic Notes in Theoretical Computer Science},
  year = 1996,
  address = {},
  organization = {},
  publisher = {Elsevier},
  pages = {65-89},
  month = {},
  note = {}
}

@INPROCEEDINGS{Stroud98,
  author = {Robert J. Stroud and Ian Welch},
  title = {{Dynamic Adaptation of the Security Properties of Application and Components}},
  editor = {},
  booktitle = {Proceedings of ECOOP Workshop on Distributed Object Security (EWDOS'98)},
  number = {},
  series = {in 12th European Conference on Object-Oriented Programming (ECOOP'98)},
  year = 1998,
  address = {Brussels, Belgium},
  organization = {},
  publisher = {Unit\'e de Recherche INRIA Rh\v{o}ne-Alpes},
  pages = {41--46},
  month = jul,
  note = {}
}

@INPROCEEDINGS{Riechmann98,
  author = {Thomas Riechmann and J\"urgen Klein\"oder},
  title = {{Meta-Objects for Access Control: Role-Based Principals}},
  editor = {Colin Boyd and Ed Dawson},
  series = {{Proceedings of 3rd Australasian Conference on Information Security and Privacy (ACISP'98)}},
  number = 1438,
  booktitle = {{Lecture Notes in Computer Science}},
  publisher = {Springer-Verlag},
  address = {Brisbane, Australia},
  edition = {},
  month = jul,
  year = 1998,
  pages = {296-307},
  note = {},
}

@INCOLLECTION{Stroud96,
  author = {Robert J.\ Stroud and Zhixue Wu},
  title = {{Using Metaobject Protocols to Satisfy Non-Functional Requirements}},
  editor = {Chris Zimmerman},
  booktitle = {{Advances in Object-Oriented Metalevel Architectures and Reflection}},
  series = {},
  publisher = {CRC Press, Inc.},
  address = {2000 Corporate Blvd.,N.W., Boca Raton, Florida 33431},
  year = 1996,
  chapter = 3,
  pages = {31-52},
  note = {},
}

@BOOK{Zimmerman96,
  author = {Chris Zimmerman},
  title = {{Advances in Object-Oriented Metalevel Architectures and Reflection}},
  volume = {},
  series = {Computer Science Programming Languages},
  publisher = {CRC Press, Inc.},
  address = {2000 Corporate Blvd.,N.W., Boca Raton, Florida 33431},
  edition = {},
  month = {},
  year = 1996,
  note = {},
}

@INPROCEEDINGS{Bouraqadi-Saadani98,
  author = {Mohammed N. Bouraqadi-Sa\^adani and Thomas Ledoux and Fred Rivard},
  title = {{Composition de M\'etaclasses}},
  booktitle = {Journ\'ees francophones des langages applicatifs, JFLA'98},
  year = 1998,
  address = {Como, Italy},
  month = feb,
  annote = {}
}

@INPROCEEDINGS{Loques99b,
  author = {Orlando Loques and Julius Leite and Marcelo Lobosco and Alexandre Sztajnberg},
  title = {{Integrating Meta-Level Programming and Configuration Programming}},
  editor = {Walter Cazzola and Robert J.\ Stroud and Francesco Tisato},
  year = 1999,
  month = nov,
  booktitle = {{Proceedings of the 1st Workshop on Object-Oriented Reflection and Software Engineering (OORaSE'99)}},
  publisher = {University of Milano Bicocca},
  organization = {},
  pages = {137-151},
  note = {}
}

@INPROCEEDINGS{Aksit92,
  author = {Mehmet Ak\c{s}it and Lodewijk Bergmans},
  title = {{Obstacles in Object-Oriented Software Development}},
  editor = {},
  booktitle = {Proceedings of the 7th Conference on Object-Oriented Programming Systems, Languages and Applications (OOPSLA'92)},
  number = {},
  series = {},
  year = 1992,
  address = {},
  organization = {},
  publisher = {},
  pages = {341-358},
  month = oct,
  note = {}
}

@INPROCEEDINGS{Aksit94,
  author = {Mehmet Ak\c{s}it and Ken Wakita and Jan Bosch and Lodewijk Bergmans and Akinori Yonezawa},
  title = {{Abstracting Object Interactions Using Composition Filters}},
  editor = {},
  booktitle = {Proceedings of Object-Based Distributed Programming (ECOOP'94 Workshop)},
  number = {},
  series = {Lecture Notes in Computer Science 791},
  year = 1994,
  address = {},
  organization = {},
  publisher = {Springer-Verlag},
  pages = {152-184},
  month = jul,
  note = {}
}

@INPROCEEDINGS{Rao91,
  author = {Ramana Rao},
  title = {{Implementational Reflection in \textsf{Silica}}},
  editor = {Pierre America},
  booktitle = {Proceedings of ECOOP'91},
  number = {},
  series = {},
  year = 1991,
  address = {Geneva, Switzerland},
  organization = {},
  publisher = {Springer-Verlag},
  pages = {251--266},
  month = jul,
  note = {}
}

@INPROCEEDINGS{Lamping92,
  author = {John Lamping and Gregor Kiczales and Luis H. Rodriguez Jr and Erik Ruf},
  title = {{An Architecture for an Open Compiler}},
  editor = {Akinori Yonezawa and Brian C. Smith},
  booktitle = {Proceedings of the Int'l Workshop on Reflection and Meta-Level Architecture},
  number = {},
  series = {},
  year = 1992,
  address = {},
  organization = {},
  publisher = {},
  pages = {95--106},
  month = {},
  note = {}
}

@INPROCEEDINGS{Gowing96,
  author = {Brendan Gowing and Vinny Cahill},
  title = {{Meta-Object Protocols for C++: The Iguana Approach}},
  editor = {},
  booktitle = {Proceedings of Reflection'96},
  number = {},
  series = {},
  year = 1996,
  address = {},
  organization = {},
  publisher = {},
  pages = {},
  month = apr,
  note = {}
}

@INPROCEEDINGS{Gowing95,
  author = {Brendan Gowing and Vinny Cahill},
  title = {{Making Meta-Object Protocols Pratical for Operating Systems}},
  editor = {},
  booktitle = {Proceedings of 4th International Workshop on Object Oriented in Operating Systems},
  number = {},
  series = {},
  year = 1995,
  address = {},
  organization = {},
  publisher = {},
  pages = {52--55},
  month = apr,
  note = {}
}

@INPROCEEDINGS{McAffer93,
  author = {Jeff McAffer},
  title = {{The CodA MOP}},
  editor = {},
  booktitle = {Proceedings of the 8th Conference on Object-Oriented Programming Systems, Languages and Applications (OOPSLA'93)},
  number = {},
  series = {Workshop on Object-Oriented Reflection and Metalevel Architectures},
  year = 1993,
  address = {Washington, DC, USA},
  organization = {ACM},
  publisher = {},
  pages = {},
  month = {},
  note = {}
}

@INPROCEEDINGS{McAffer95,
  author = {Jeff McAffer},
  title = {{Meta-Level Programming with CodA}},
  editor = {Walter Olthoff},
  booktitle = {Proceedings of the 9th European Conference on Object-Oriented Programming (ECOOP'95)},
  number = {},
  series = {LNCS 952},
  year = 1995,
  address = {},
  organization = {},
  publisher = {Springer-Verlag},
  pages = {190-214},
  month = {},
  note = {}
}
@INPROCEEDINGS{Okamura94,
  author = {Hideaki Okamura and Yutaka Ishikawa},
  title = {{Object Location Control Using Meta-level Programming}},
  editor = {Mario Tokoro and Remo Pareschi },
  booktitle = {Proceedings of the 8th European Conference on Object-Oriented Programming (ECOOP'94)},
  number = {},
  series = {LNCS 821},
  year = 1994,
  address = {Bologna, Italy},
  organization = {},
  publisher = {Springer-Verlag},
  pages = {299-319},
  month = jul,
  note = {}
}

@INPROCEEDINGS{Masuhara96,
  author = {Hidehiko Masuhara and Satoshi Matsuoka and Akinori Yonezawa},
  title = {{Implementing Parallel Language Constructs Using a Reflective Object-Oriented Language}},
  editor = {},
  booktitle = {Proceedings of Reflection'96)},
  number = {},
  series = {},
  year = 1996,
  address = {},
  organization = {},
  publisher = {},
  pages = {79-91},
  month = apr,
  note = {}
}

@INPROCEEDINGS{Watanabe90,
  author = {Takuo Watanabe and Akinori Yonezawa},
  title = {{An Actor-Based Metalevel Architecture for Group-Wider Reflection}},
  editor = {de Bakker, Jaco W.\ and de Roever, Willem P.\ and Rozenberg, Grzegorz},
  booktitle = {Foundations of Object-Oriented Languages},
  number = {},
  series = {},
  year = 1990,
  address = {},
  organization = {},
  publisher = {Springer-Verlag},
  pages = {405-425},
  month = {},
  note = {}
}

@INPROCEEDINGS{McAffer95b,
  author = {Jeff McAffer},
  title = {{Meta-level Architecture Support for Distributed Objects}},
  editor = {},
  booktitle = {Proceedings of IWOOS'95},
  number = {},
  series = {},
  year = 1995,
  address = {},
  organization = {},
  publisher = {},
  pages = {},
  month = {},
  note = {}
}

@INPROCEEDINGS{Ogawa2000,
  author = {Hirotaka Ogawa and Kouya Shimura and Satoshi Matsuoka and Fuyuhiko Maruyama and Yukihiko Sohda and Yasunori Kimura},
  title = {{OpenJIT: An Open-Ended, Reflective JIT Compiler Framework for Java}},
  editor = {Elisa Bertino},
  booktitle = {Proceedings of the 14th European Conference on Object-Oriented Programming (ECOOP'2000)},
  number = {},
  series = {LNCS 1850},
  year = 2000,
  address = {Cannes, France},
  organization = {},
  publisher = {Springer-Verlag},
  pages = {362-387},
  month = jun,
  note = {}
}

@INPROCEEDINGS{Chiba2000,
  author = {Shigeru Chiba},
  title = {{Load-Time Structural Reflection in Java}},
  editor = {Elisa Bertino},
  booktitle = {Proceedings of the 14th European Conference on Object-Oriented Programming (ECOOP'2000)},
  number = {},
  series = {LNCS 1850},
  year = 2000,
  address = {Cannes, France},
  organization = {},
  publisher = {Springer-Verlag},
  pages = {313-336},
  month = jun,
  note = {}
}

@INPROCEEDINGS{Soler01,
  author = {Francisco Ort\'{\i}n Soler and Juan Manuel Cueva Lovelle},
  title = {{Building a Completely-Adaptable Reflective System}},
  editor = {},
  booktitle = {Workshop on Adaptive Object-Models and Metamodeling Techniques and Workshop on Object-Orientation and Operating-Systems (OOSWS'2001)},
  number = {},
  series = {in 15th European Conference on Object-Oriented Programming (ECOOP'01)},
  year = 2001,
  address = {Budapest, Hungary},
  organization = {},
  publisher = {},
  pages = {},
  month = jun,
  note = {}
}

@INPROCEEDINGS{Briot87,
  author = {Briot, Jean-Pierre and Yonezawa, Akinori},
  title = {{Inheritance and Synchronization in Concurrent OOP}},
  booktitle = {{Proceedings of the 1st European Conference on Object-Oriented Programming (ECOOP'87)}},
  year = 1987,
  editor = {B\'ezivin, Jean and Hullot, Jean-Marie and Cointe, Pierre and Lieberman, Henry},
  pages = {32--40},
  address = {Paris, France},
  organization = {},
  publisher = {Springer},
  volume = {},
  number = {},
  series = {Lecture Notes in Computer Science 276},
  month = jun,
  note = {}
}

@TECHREPORT{JNBridge02,
  author      = {{JNBridge~LLC.}},
  title       = {{Connecting \textsf{Java} with the \textsf{.NET} Common Language Interface: The JNBridgePro Solution}},
  institution = {},
  number      = {},
  year        = 2002
}

@TECHREPORT{Chiba97,
  author      = {Shigeru Chiba},
  title       = {{Implementation Techniques for Efficient Reflective Languages}},
  institution = {Department of Information Science, University of Tokyo},
  number      = {TR-97-06},
  year        = 1997
}

@TECHREPORT{Loques99,
  author      = {Orlando Loques and Julius Leite and Alexandre Sztajnberg and Marcelo Lobosco},
  title       = {{Towards Integrating Meta-Level Programming and Configuration Programming}},
  institution = {Universidade Federal Fluminense - CAA Instituto de Computa\c{c}\~{a}o},
  number      = {CAA \#1},
  year        = 1999,
  month       = feb
}

@TECHREPORT{Sun97,
  author      = {{SUN Microsystems}},
  title       = {{Java\textsuperscript{{\tiny TM}} Core Reflection API and Specification}},
  institution = {SUN Microsystems},
  number      = {},
  year        = 1997,
  month       = feb
}

@TECHREPORT{MSDN03,
  author      = {{Microsoft Corporation}},
  title       = {{.NET Framework Developer's Guide: Reflection Overview}},
  institution = {Microsoft Developer Network (MSDN)},
  number      = {},
  year        = 2003,
  month       = {},
  note        = {\url{http://msdn.microsoft.com/library/default.asp?url=/library/en-us/cpguide/html/cpconreflectionoverview.asp}}
}

@TECHREPORT{Videira-Lopes95,
  author      = {H\"ursch, Walter and Videira Lopes, Cristina},
  title       = {{Separation of Concerns}},
  institution = {Northeastern University, Boston},
  number      = {NU-CCS-95-03},
  year        = 1995,
  month       = feb
}

@INPROCEEDINGS{Kickzales96,
  author = {Gregor Kiczales and John Lamping and Shigeru Chiba},
  title = {{Avoiding Confusion in Metacircularity: The Meta-Helix}},
  editor = {},
  booktitle = {Proceedings of the 2nd International Symposium on Object Technologies for Advanced Software (ISOTAS'96)},
  number = {},
  series = {LNCS 1049},
  year = 1996,
  address = {Kanazawa, Japan},
  organization = {},
  publisher = {Springer Verlag},
  pages = {157--172},
  month = mar,
  note = {}
}

@INPROCEEDINGS{Killijian98,
  author = {Marc-Olivier Killijian, Jean-Charles Fabre, Juan-Carlos Ruiz-Garcia and Shigeru Chiba},
  title = {{A Metaobject Protocol for Fault-Tolerant CORBA Applications}},
  editor = {},
  booktitle = {Proceedings of the 17th Symposium on Reliable Distributed Systems (SRDS'98)},
  number = {},
  series = {},
  year = 1998,
  address = {},
  organization = {},
  publisher = {},
  pages = {127--134},
  month = {},
  note = {}
}
@INPROCEEDINGS{Ledoux97,
  author = {Thomas Ledoux},
  title = {{Implementing Proxy Objects in a Reflective \textsf{ORB}}},
  editor = {},
  booktitle = {Proceedings of \corba: Implementation, Use and Evaluation Workshop},
  number = {},
  series = {in 11th European Conference on Object Oriented Programming (ECOOP'97)},
  year = 1997,
  address = {Jyv\"askyl\"a, Finland},
  organization = {},
  publisher = {Springer Verlag},
  pages = {},
  month = jun,
  note = {}
}


@INPROCEEDINGS{Bouraqadi-Saadani96,
  author = {Mohammed N. Bouraqadi-Sa\^adani and Thomas Ledoux and Fred Rivard},
  title = {{Metaclass Composability}},
  editor = {},
  booktitle = {Proceedings of Composability Workshop},
  number = {},
  series = {in 10th European Conference on Object Oriented Programming (ECOOP'96)},
  year = 1996,
  address = {Linz, Austria},
  organization = {},
  publisher = {Springer-Verlag},
  pages = {},
  month = jul,
  note = {}
}

@INPROCEEDINGS{Stroud95,
  author = {Robert J.\ Stroud and Zhixue Wu},
  title = {{Using Meta-Object Protocol to Implement Atomic Data Types}},
  editor = {Walter Olthoff},
  booktitle = {Proceedings of the 9th Conference on Object-Oriented Programming (ECOOP'95)},
  number = {},
  series = {LNCS 952},
  year = 1995,
  address = {Aarhus, Denmark},
  organization = {},
  publisher = {Springer-Verlag},
  pages = {168--189},
  month = aug,
  note = {}
}

@INPROCEEDINGS{DesRivieres84,
  author = {Jim des Rivi\`{e}res and Brian C. Smith},
  title = {{The Implementation of Procedurally Reflective Languages}},
  editor = {},
  booktitle = {Proceedings of ACM Logic \& Functional Programming},
  number = {},
  series = {},
  year = 1984,
  address = {},
  organization = {},
  publisher = {},
  pages = {331-347},
  month = {},
  note = {}
}

@PHDTHESIS{Ledoux98,
  author = 	 {Thomas Ledoux},
  title = 	 {{R\'eflexion  dans  les  Syst\`emes  R\'epartis:  application  \`a CORBA et Smalltalk}},
  school = 	 {Universit\'e de Nantes, \'Ecole des Mines de Nantes},
  year = 	 1998,
  month =        mar,
  address = 	 {Nantes, France},
  annote = 	 {Written in French}
}

@PHDTHESIS{Maes87a,
  author = 	 {Pattie Maes},
  title = 	 {{Computational Reflection}},
  school = 	 {Artificial Intelligence Laboratory, Vrije Universiteit},
  year = 	 1987,
  address = 	 {Brussel, Belgium},
  annote = 	 {}
}

@INPROCEEDINGS{Smith84,
  author= {Smith, Brian Cantwell},
  title= {{Reflection and Semantics in Lisp}},
  booktitle= {Proceedings of ACM Symposium on Principles of Programming Languages},
  address = {Salt Lake City, Utah, United States},
  year= 1984,
  month = jan,
  publisher = {ACM Press},
  pages= {23-35}
}

@MASTERSTHESIS{Tatsubori99,
  author = {Michiaki Tatsubori},
  title = {{An Extension Mechanism for the Java Language}},
  school = {Graduate School of Engineering, University of Tsukuba},
  type = {Master of Engineering Dissertation},
  year = 1999,
  month = feb,
  address = {University of Tsukuba, Ibaraki, Japan},
  annote = {}
}

@TECHREPORT{Smith82,
  author      = {Smith, Brian Cantwell},
  title       = {{Reflection and Semantics in a Procedural Language}},
  institution = {MIT Laboratory of Computer Science},
  number      = 272,
  year        = 1982
}

@PHDTHESIS{Rivard97,
  author = 	 {Fr\'ed\'eric Rivard},
  title = 	 {{Evolution du Comportement dans les Langages R\'eflexifs Dynamiquement Typ\'es}},
  school = 	 {Universit\'e de Nantes},
  year = 	 1997,
  annote = 	 "NeoClasstalk"
}

@INPROCEEDINGS{Demers95,
  author = {Fran\c{c}ois-Nicola Demers and Jacques Malenfant},
  title = {{Reflection in Logic, Functional and Object-Oriented Programming: a Short Comparative Study}},
  editor = {},
  booktitle = {Proceedings of the Workshop on Reflection and Metalevel Architectures and their Applications in AI (IJCAI'95)},
  number = {},
  series = {},
  year = 1995,
  address = {Montr\'eal, Canada},
  organization = {},
  publisher = {},
  pages = {29-38},
  month = aug,
  note = {}
}

@INPROCEEDINGS{Ducasse97,
  author = {St\'ephane Ducasse and Tamar Richner},
  title = {{Executable Connectors: Towards Reusable Design Elements}},
  editor = {},
  booktitle = {Proceedings of ESEC'97},
  number = {},
  series = {LNCS 1301},
  year = 1997,
  address = {},
  organization = {},
  publisher = {Springer-Verlag},
  pages = {483-500},
  month = {},
  note = {}
}

@INPROCEEDINGS{Ducasse95,
  author = {St\'ephane Ducasse and Mireille Blay-Fornarino and Anne-Marie Pinna-Dery},
  title = {{A Reflective Model for First Class Dependencies}},
  editor = {},
  booktitle = {Proceedings of the 10th Annual Conference on Object-Oriented Programming Systems, Languages, and Applications (OOPSLA{'95})},
  volume = 30,
  number = 10,
  series = {Sigplan Notices},
  year = 1995,
  address = {Austin, Texas, USA},
  organization = {ACM},
  publisher = {},
  pages = {265-280},
  month = oct,
  note = {}
}

@BOOK{Kickzales91,
  author = {Gregor Kiczales and Jim des Rivi\`eres and Daniel G. Bobrow},
  title = {{The Art of the Metaobject Protocol}},
  volume = {},
  series = {},
  publisher = {MIT Press},
  address = {Cambridge, Massachusetts},
  edition = {},
  month = {},
  year = 1991,
  note = {},
}

@INPROCEEDINGS{Lee94,
  author = {Arthur H.\ Lee and Joseph L.\ Zachary},
  title = {{Using Meta Programming to Add Persistence to CLOS}},
  editor = {},
  booktitle = {International Conference on Computer Languages},
  number = {},
  series = {},
  year = 1994,
  address = {Los Alamitos, California},
  organization = {IEEE},
  publisher = {},
  pages = {},
  month = {},
  note = {}
}

@INPROCEEDINGS{Yokote92,
  author = {Yasuhiko Yokote},
  title = {{The ApertOS Reflective Operating System: The Concept and Its Implementation}},
  editor = {Andreas P{\ae}pcke},
  booktitle = {Proceedings of the 7th Conference on Object-Oriented Programming Systems, Languages, and Applications (OOPSLA{'92})},
  volume = {27(10)},
  series = {Sigplan Notices},
  year = 1992,
  address = {Vancouver, British Columbia, Canada},
  organization = {ACM},
  publisher = {},
  pages = {414-434},
  month = oct,
  note = {}
}

@INPROCEEDINGS{Cointe87,
  author = {Pierre Cointe},
  title = {{MetaClasses are first class objects: the Objvlisp model}},
  editor = {Norman K.\ Meyrowitz},
  booktitle = {Proceedings of the 2nd Conference on Object-Oriented Programming Systems, Languages, and Applications (OOPSLA{'87})},
  volume = {22(10)},
  series = {Sigplan Notices},
  year = 1987,
  address = {Orlando, Florida, USA},
  organization = {ACM},
  publisher = {},
  pages = {},
  month = oct,
  note = {}
}

@INPROCEEDINGS{Pascoe86,
  author = {Geoffrey A. Pascoe},
  title = {{Encapsulators: A New Software Paradigm in Smalltalk-80}},
  editor = {Norman K.\ Meyrowitz},
  booktitle = {Proceedings of the 1st Conference on Object-Oriented Programming Systems, Languages, and Applications (OOPSLA{'86})},
  volume = 21,
  number = 10,
  series = {Sigplan Notices},
  year = 1986,
  address = {Portland, Oregon, USA},
  organization = {ACM},
  publisher = {},
  pages = {},
  month = oct,
  note = {}
}

@INPROCEEDINGS{Graube89,
  author = {Nicolas Graube},
  title = {{Metaclass Compatibility}},
  editor = {Norman K. Meyrowitz},
  booktitle = {Proceedings of the 4th Conference on Object-Oriented Programming: Systems, Languages, and Applications (OOPSLA{'89})},
  volume = {24(10)},
  series = {Sigplan Notices},
  year = 1989,
  address = {New Orleans, Louisiana, USA},
  organization = {ACM},
  publisher = {},
  pages = {305--316},
  month = oct,
  note = {}
}

@INPROCEEDINGS{Foote89,
  author = {Brian Foote and Ralph E.\ Johnson},
  title = {{Reflective Facilities in Smalltalk-80}},
  editor = {Norman K. Meyrowitz},
  booktitle = {Proceedings of the 4th Conference on Object-Oriented Programming: Systems, Languages, and Applications (OOPSLA{'89})},
  volume = {24(10)},
  series = {Sigplan Notices},
  year = 1989,
  address = {},
  organization = {ACM},
  publisher = {},
  pages = {},
  month = oct,
  note = {}
}

@INPROCEEDINGS{Chiba95,
  author = {Shigeru Chiba},
  title = {{A Meta-Object Protocol for C++}},
  editor = {},
  booktitle = {Proceedings of the 10th Annual Conference on Object-Oriented Programming Systems, Languages, and Applications (OOPSLA{'95})},
  volume = 30,
  series = {Sigplan Notices},
  year = 1995,
  address = {Austin, Texas, USA},
  organization = {ACM},
  publisher = {},
  pages = {285-299},
  month = oct,
  note = {}
}

@INPROCEEDINGS{Chiba93a ,
  author = {Shigeru Chiba and Takashi Masuda},
  title = {{Designing an Extendible Distributed Language with a Meta-Level Architecture}},
  editor = {Oscar M. Nierstrasz},
  booktitle = {Proceedings of 7th European Conference for Object-Oriented Programming (ECOOP'93)},
  number = {},
  series = {LNCS 707},
  year = 1993,
  address = {Kaiserslautern, Germany},
  organization = {},
  publisher = {Springer-Verlag},
  pages = {482-501},
  month = jul,
  note = {}
}

@INPROCEEDINGS{Ibrahim90,
  author = {Mamdouh H.\ Ibrahim},
  title = {{Reflection and Metalevel Architectures in Object-Oriented Programming}},
  editor = {},
  booktitle = {addendum to the Proceedings of 5th Conference on Object-Oriented Programming Systems, Languages and Applications (OOPSLA'90)},
  volume = 25,
  series = {Sigplan Notices},
  year = 1990,
  address = {},
  organization = {ACM},
  publisher = {},
  pages = {73-80},
  month = oct,
  note = {}
}

@INPROCEEDINGS{Ferber89,
  author = {Ferber, Jacques},
  title = {{Computational Reflection in Class Based Object Oriented Languages}},
  booktitle = {{Proceedings of 4th Conference on Object-Oriented Programming Systems, Languages and Applications (OOPSLA'89)}},
  year = 1989,
  editor = {Beck, Kent},
  pages = {317-326},
  address = {Portland, Oregon, USA},
  organization = {},
  publisher = {ACM},
  volume = {},
  number = {},
  series = {},
  month = oct,
  note = {}
}

@INPROCEEDINGS{Briot89,
  author = {Briot, Jean-Pierre and Cointe, Pierre},
  title = {{Programming with Explicit Metaclasses in Smalltalk-80}},
  booktitle = {{Proceedings of 4th Conference on Object-Oriented Programming Systems, Languages and Applications (OOPSLA'89)}},
  year = 1989,
  editor = {Beck, Kent},
  pages = {419--431},
  address = {Portland, Oregon, USA},
  organization = {},
  publisher = {ACM},
  volume = {},
  number = {},
  series = {},
  month = oct,
  note = {}
}

@TECHREPORT{Steindl96,
  author = {Christoph Steindl},
  title = {{Reflection in Oberon}},
  institution = {Department of Computer Science (System Software), Johannes Kepler University},
  type = {Technical Report},
  number = {CS-SSW-P96-11},
  address = {Linz, Austria},
  year = 1996,
  month = nov,
  note = {}
}

@TECHREPORT{Chiba93b,
  author = {Shigeru Chiba},
  title = {{OpenC++ Release 1.2 Programmer's Guide}},
  institution = {Department of Information Science, University of Tokyo},
  type = {Technical Report},
  number = {93-3},
  address = {},
  year = 1993,
  month = {},
  note = {}
}

@TECHREPORT{Chiba96,
  author = {Shigeru Chiba},
  title = {{OpenC++ Programmer's Guide for Version 2}},
  institution = {Xerox PARC},
  type = {Technical Report},
  number = {SPL-96-024},
  address = {},
  year = 1996,
  month = {},
  note = {}
}

@TECHREPORT{Kono91,
  author = {Shinji Kono and Mario Tokoro},
  title = {{Parallel Reflection}},
  institution = {Sony CSL},
  type = {Technical memo},
  number = {SCSL-TM-90-011},
  address = {},
  year = 1991,
  month = jun,
  note = {}
}

@TECHREPORT{Duby92,
  author = {Carolyn K. Duby and Scott Meyers and Steven P. Reiss},
  title = {{\textsf{CCEL}: A Metalanguage for C++}},
  institution = {Department of Computer Science Brown University},
  type = {Technical Report},
  number = {02912 CS-92-51},
  address = {Providence, Rhode Island},
  year = 1992,
  month = oct,
  note = {}
}

@INPROCEEDINGS{Maes87,
  author = {Pattie Maes},
  title = {{Concepts and Experiments in Computational Reflection}},
  editor = {Norman K. Meyrowitz},
  booktitle = {Proceedings of the 2nd Conference on Object-Oriented Programming Systems, Languages, and Applications (OOPSLA'87)},
  volume = 22,
  series = {Sigplan Notices},
  year = 1987,
  address = {Orlando, Florida, USA},
  organization = {ACM},
  publisher = {},
  pages = {147-156},
  month = oct,
  note = {}
}

@INPROCEEDINGS{Masuhara98,
  author = {Hidehiko Masuhara and Akinori Yonezawa},
  title = {{Design and Partial Evaluation of Meta-objects for a Concurrent Reflective Language}},
  editor = {Eric Jul},
  booktitle = {Proceedings of the 12th European Conference on Object-Oriented Programming (ECOOP'98)},
  number = {},
  series = {LNCS 1445},
  year = 1998,
  address = {},
  organization = {},
  publisher = {Springer-Verlag},
  pages = {418-439},
  month = jul,
  note = {}
}

@INPROCEEDINGS{Masuhara97,
  author = {Hidehiko Masuhara and Akinori Yonezawa},
  title = {{Reasoning-Conscious Meta-object Design of a Reflective Concurrent Language}},
  editor = {},
  booktitle = {Proceedings of International Symposium on Biologically Inspired Computation (IMSA'97)},
  number = {},
  series = {},
  year = 1997,
  address = {Tsukuba},
  organization = {},
  publisher = {},
  pages = {42-56},
  month = {},
  note = {}
}

@INPROCEEDINGS{Sekiguchi99,
  author = {Tatsurou Sekiguchi and Hidehiko Masuhara and Akinori Yonezawa},
  title = {{A Simple Extension of Java Language for Controllable Transparent Migration and its Portable Implementation}},
  editor = {},
  booktitle = {Proceedings of COORDINATION'99},
  number = {},
  series = {LNCS 1594},
  year = 1999,
  address = {Amsterdam, The Netherlands},
  organization = {},
  publisher = {Springer-Verlag},
  pages = {211-226},
  month = apr,
  note = {}
}

@INPROCEEDINGS{Masuhara92,
  author = {Hidehiko Masuhara and Satoshi Matsuoka and Takuo Watanabe and Akinori Yonezawa},
  title = {{Object-Oriented Concurrent Reflective Languages Can Be Implemented Efficiently}},
  editor = {Andreas P{\ae}pcke},
  booktitle = {Proceedings of 7th Annual Conference on Object-Oriented Programming Systems, Languages, and Applications (OOPSLA'92)},
  volume = {27(10)},
  series = {Sigplan Notices},
  year = 1992,
  address = {Vancouver, British Columbia, Canada},
  organization = {ACM},
  publisher = {},
  pages = {127-144},
  month = oct,
  note = {}
}

@INPROCEEDINGS{Matsuoka91,
  author = {Satoshi Matsuoka and Takuo Watanabe and Akinori Yonezawa},
  title = {{Hybrid Group Reflective Architecture for Object-Oriented Concurrent Reflective Programming}},
  editor = {Pierre America},
  booktitle = {Proceedings of ECOOP'91},
  number = {},
  series = {},
  year = 1991,
  address = {Geneva, Switzerland},
  organization = {Springer-Verlag},
  publisher = {},
  pages = {231-250},
  month = jul,
  note = {}
}

@INPROCEEDINGS{Taiani08,
  author = {Taiani, Fran\c{c}ois and Grace, Paul and Coulson, Geoff and Blair, Gordon},
  title = {{Past and Future of Reflective Middleware: Towards a Corpus-Based Impact Analysis}},
  booktitle = {{Proceedings of the 7\superscript{th} Workshop on Reflective and Adaptive Middleware}},
  year = 2008,
  editor = {Taiani, Fran\c{c}ois and Cerqueira, Renato},
  pages = {41-46},
  address = {Leuven, Belgium},
  organization = {},
  publisher = {},
  volume = {},
  number = {},
  series = {},
  month = dec,
  note = {}
}

@INPROCEEDINGS{Matsuoka90,
  author = {Satoshi Matsuoka and Akinori Yonezawa},
  title = {{Metalevel Solution to Inheritance Anomaly in Concurrent Object-Oriented Languages}},
  editor = {},
  booktitle = {Proceedings of ECOOP$\vert$OOPSLA{'90} },
  number = 12,
  series = {Workshop on Reflection and Metalevel Architectures in Object-Oriented Programming},
  year = 1990,
  address = {},
  organization = {},
  publisher = {},
  pages = {},
  month = oct,
  note = {}
}

@ARTICLE{Stroud92,
  author = {Robert J. Stroud},
  title = {{Transparency and Reflection in Distributed Systems}},
  journal = {ACM Operating System Review},
  year = 1992,
  volume = 22,
  pages = {99-103},
  month = apr,
  note = {}
}

@ARTICLE{Ducasse98,
  author = {St\'ephane Ducasse},
  title = {{Evaluating Message Passing Control Techniques in Smalltalk}},
  journal = {Journal of Object-Oriented Programming (JOOP)},
  year = 1999,
  volume = {},
  publisher = {SIGS Press},
  pages = {34-44},
  month = jun
}

@ARTICLE{Lisboa93,
  author = {Paulo H. C. Lisboa and Jos\'e Fernando Tepedino and Silvio Lemos Meira},
  title = {{Reflex\~ao Computacional em Smalltalk}},
  journal = {Revista Brasileira De Computa\c{c}\~ao},
  year = 1993,
  volume = 7,
  number = 1,
  pages = {13-24},
  month = jul,
  note = {}
}

@INPROCEEDINGS{Garbinato94,
  author = {Beno\^{\i}t Garbinato and Rachid Guerraoui and Karim R. Mazouni},
  title = {{Distributed Programming in GARF}},
  pages = {1-32},
  month = {},
  booktitle = {Object-Based Distributed Programming},
  publisher = {Springer-Verlag},
  series = {LNCS 901},
  year = 1994,
  editor = {Rachid Guerraoui and  Oscar Nierstrasz and Michel Riveil},
}

@ARTICLE{Garbinato97,
  author = {Rachid Guerraoui and Beno\^{\i}t Garbinato and Karim R. Mazouni},
  title = {{GARF: A Tool for Programming Reliable Distributed Applications}},
  journal = {IEEE Concurrency},
  year = 1997,
  volume = 5,
  number = 4,
  pages = {},
  month = oct#"-"#dec,
  note = {}
}

@INPROCEEDINGS{Chiba97b,
  author = {Shigeru Chiba and Takeshi Nishimura and Kenichi Kourai and Atsushi Ohnoki and Takashi Masuda},
  title = {{Weak Protection for Reflective Operating Systems}},
  pages = {62-67},
  month = {},
  booktitle = {In Object-Oriented Technology ECOOP'97 Workshop Reader},
  publisher = {Springer-Verlag},
  series = {LNCS 1357},
  year = 1997,
  editor = {},
}

@INPROCEEDINGS{Watanabe88,
  author = {Takuo Watanabe and Akinori Yonezawa},
  title = {{Reflection in an Object-Oriented Concurrent Language}},
  editor = {Norman K. Meyrowitz},
  booktitle = {Proceedings of the 3rd Conference on Object Oriented Programming Systems, Languages and Applications (OOPSLA'88)},
  volume = 23,
  number = 11,
  series = {Sigplan Notices},
  year = 1988,
  address = {San Diego, California, USA},
  organization = {ACM},
  publisher = {},
  pages = {306-315},
  month = sep,
  note = {}
}

@INPROCEEDINGS{Yokote89,
  author = {Yusuhiko Yokote and Fumio Teraoka and Mario Tokoro},
  title = {{A Reflective Architecture for an Object-Oriented Distributed System}},
  editor = {Steve Cook},
  booktitle = {Proceedings of ECOOP'89},
  number = {},
  series = {},
  year = 1989,
  address = {Nottingham},
  organization = {},
  publisher = {Cambridge University Press},
  pages = {89-106},
  month = jul,
  note = {}
}

@INPROCEEDINGS{Guerraoui98,
  author = {Rachid Guerraoui and Pascal Felber and Beno\^{\i}t Garbinato and Karim Mazouni},
  title = {{System Support for Objects Groups}},
  editor = {},
  booktitle = {Proceedings of the 13th ACM Conference on Object Oriented Programming Systems, Languages and Applications (OOPSLA'98)},
  volume = {33(10)},
  series = {Sigplan Notice},
  year = 1998,
  address = {Vancouver, British Columbia, Canada},
  organization = {},
  publisher = {},
  pages = {},
  month = oct,
  note = {}
}

@INPROCEEDINGS{Chiba98,
  author = {Shigeru Chiba and Michiaki Tatsubori},
  title = {{A Yet Another \texttt{java.lang.Class}}},
  editor = {},
  booktitle = {Proceedings of ECOOP Workshop on Reflective Object-Oriented Programming and Systems (EWROOPS'98)},
  number = {},
  series = {in 12th European Conference on Object-Oriented Programming (ECOOP'98)},
  year = 1998,
  address = {Brussels, Belgium},
  organization = {},
  publisher = {},
  pages = {},
  month = jul,
  note = {}
}

@INPROCEEDINGS{Chiba98a,
  author = {Chiba, Shigeru},
  title = {{Javassist---A Reflection-Based Programming Wizard for Java}},
  booktitle = {{Proceedings of OOPSLA'98 Workshop on Reflective Programming in C++ and Java}},
  year = 1998,
  editor = {Fabre, Jean-Charles and Chiba, Shigeru},
  pages = {51--55},
  address = {Vancouver, Canada},
  organization = {},
  publisher = {},
  volume = {},
  number = {},
  series = {},
  month = oct,
  note = {}
}


@MISC{Forman2000,
  author = {Ira R.\ Forman},
  title = {{JEM: A Proposal for Extending Java with Metaclasses}},
  howpublished = {to be published},
  month = {},
  year = {},
  pages = {},
  note = {},
}

@MISC{Jndridge,
  author = {Jndridge},
  title = {{True interoperability between \textsf{Java} and \textsf{.NET}}},
  howpublished = {Available at \url{http://www.jnbridge.com/}},
  month = {},
  year = {},
  pages = {},
  note = {},
}

@MISC{Stryon,
  author = {Stryon~inc.},
  title = {{Byte Code Conversion between \textsf{Java} and \textsf{.NET}}},
  howpublished = {Available at \url{http://www.stryon.com/}},
  month = {},
  year = {},
  pages = {},
  note = {},
}

@PHDTHESIS{Ghoneim07,
  author = {Ghoneim, Ahmed},
  title = {{Reflective and Adaptive Middleware for Evolution of Information Systems}},
  school = {Otto-von-Guericke-Universit\"at Magdeburg},
  year = 2007,
  address = {Magdeburg, Germany},
  type = {{PhD Thesis}},
  month = feb,
  note = {}
}

@INPROCEEDINGS{Redmond00,
  author = {Redmond, Barry and Cahill, Vinny},
  title = {{Iguana/J: Towards a Dynamic and Efficient Reflective Architecture for Java}},
  editor = {Cazzola, Walter and Chiba, Shigeru and Ledoux, Thomas},
  booktitle = {{Proceedings of ECOOP Workshop on Reflection and Metalevel Architectures (RMA'00)}},
  year = 2000,
  month = jun,
  note = {}
}

@INPROCEEDINGS{Papoulias16,
  author = {Papoulias, Nick and Stinckwich, Serge},
  title = {{Towards Projection: Mapping Reflection onto the Userland}},
  booktitle = {{Proceedings of the MASS+Reflection Workshop (MASS+Reflection'16)}},
  year = 2016,
  editor = {},
  pages = {172--175},
  address = {M\'alaga, Spain},
  organization = {},
  publisher = {ACM},
  volume = {},
  number = {},
  series = {},
  month = mar,
  note = {}
}

@INCOLLECTION{Herzeel08,
  author = {Herzeel, Charlotte and Costanza, Pascal and D'Hondt, Theo},
  title = {{Reflection for the Masses}},
  booktitle = {{Self-Sustaining Systems}},
  publisher = {Springer},
  year = 2008,
  chapter = 6,
  pages = {87-122},
  address = {},
  editor = {Hirshfeld, Robert and Rose, Kim},
  volume = {},
  number = {},
  series = {LNCS 5146},
  type = {},
  edition = {},
  month = {},
  note = {}
}

@INCOLLECTION{Kiczales93,
  author = {Kiczales, Gregor and Ashley, J. Michael and Rodriguez, Luis and Vahdat, Amin and Bobrow, Daniel G.},
  title = {{Metaobject Protocols: Why We Want Them and What Else They Can Do}},
  booktitle = {{Object-Oriented Programming: The CLOS Perspective}},
  publisher = {MIT Press},
  year = 1993,
  chapter = {},
  pages = {101--118},
  address = {Cambridge, MA, USA},
  editor = {Paepcke, Andreas},
  volume = {},
  number = {},
  series = {},
  type = {},
  edition = {},
  month = {},
  note = {}
}

@INPROCEEDINGS{Papoulias15,
  author = {Papoulias, Nikolaos and Denker, Markus and Ducasse, St\'ephane and Fabresse, Luc},
  title = {{Reifying the Reflectogram: Towards Explicit Control for Implicit Reflection}},
  booktitle = {{Proceedings of the 30th Annual ACM Symposium on Applied Computing (SAC'15)}},
  year = 2015,
  editor = {},
  pages = {1978--1985},
  address = {Salamanca, Spain},
  organization = {},
  publisher = {ACM},
  volume = {},
  number = {},
  series = {},
  month = apr,
  note = {}
}

@INPROCEEDINGS{Tanter03,
  author = {Tanter, \'Eric and Noy\'e, Jacques and Caromel, Denis and Cointe, Pierre},
  title = {{Partial Behavioral Reflection: Spatial and Temporal Selection of Reification}},
  booktitle = {{Proceedings of the 18th Annual ACM SIGPLAN Conference on Object-Oriented Programing, Systems, Languages, and Applications (OOPSLA'03)}},
  year = 2003,
  editor = {Steele, Jr, Guy L},
  pages = {27--46},
  address = {Anaheim, CA, USA},
  organization = {ACM},
  publisher = {},
  volume = {},
  number = {},
  series = {},
  month = oct,
  note = {}
}

@INCOLLECTION{Tatsubori00,
  author = {Tatsubori, Michiaki and Chiba, Shigeru and Killijian, Marc-Olivier and Itano, Kozo},
  title = {{OpenJava: A Class-based Macro System for Java}},
  editor = {Walter Cazzola and Robert J.\ Stroud and Francesco Tisato},
  booktitle = {{Reflection and Software Engineering}},
  series = {Lecture Notes in Computer Science 1826},
  publisher = {Springer-Verlag},
  address = {Heidelberg, Germany},
  month = jun,
  year = 2000,
  pages = {119-135}
}

@TECHREPORT{Oliva98,
  author = {Oliva, Alexandre and Calciolari Garcia, Islene and Buzato, Luiz Eduardo},
  title = {{The Reflective Architecture of Guaran\'a}},
  institution = {Universidade Estadual de Campinas},
  year = 1998,
  type = {Technical Report},
  number = {},
  address = {},
  month = sep,
  note = {}
}

@INPROCEEDINGS{Kiczales97b,
  author = {Kiczales, Gregor and Lamping, John and Maeda, Chris and Mendhekar, Anurag and Murphy, Gail},
  title = {{Open Implementation Design Guidelines}},
  booktitle = {{Proceedings of the 19th International Conference on Software Engineering (ICSE'97)}},
  year = 1997,
  editor = {Adrion, W. Richards},
  pages = {481--490},
  address = {Boston, MA, USA},
  organization = {},
  publisher = {IEEE},
  volume = {},
  number = {},
  series = {},
  month = may,
  note = {}
}

@INPROCEEDINGS{Tanter01b,
  author = {Tanter, \'Eric and Bouraqadi-Sa\^{a}dani, Noury M. and Noy\'e, Jacques},
  title = {{Reflex---Towards an Open Reflective Extension of Java}},
  booktitle = {{Proceedings of the 3rd International Conference on Metalevel Architectures and Separation of Crosscutting Concerns (Reflection'01)}},
  year = 2001,
  editor = {Yonezawa, Akinori and Matsuoka, Satoshi},
  pages = {25--43},
  address = {Kyoto, Japan},
  organization = {},
  publisher = {Springer},
  volume = {},
  number = {},
  series = {LNCS 2192},
  month = sep,
  note = {}
}

@INCOLLECTION{Welch99,
  author = {Welch, Ian and Stroud, Robert J.},
  title = {{Kava---A Reflective Java Based on Bytecode Rewriting}},
  editor = {Cazzola, Walter and Stroud, Robert J. and Tisato, Francesco},
  booktitle = {{Reflection and Software Engineering}},
  series = {Lecture Notes in Computer Science 1826},
  publisher = {Springer},
  address = {},
  month = jun,
  year = 2000,
  pages = {157-169}
}

@INPROCEEDINGS{Livshits05,
  author = {Livshits, Benjamin and Whaley, John and Lam, Monica S.},
  title = {{Reflection Analysis for Java}},
  booktitle = {{Proceedings of the 3rd Asian conference on Programming Languages and Systems (APLAS'05)}},
  year = 2005,
  editor = {Yi, Kwangkeun},
  pages = {139--160},
  address = {Tsukuba, Japan},
  organization = {},
  publisher = {Springer},
  volume = {},
  number = {},
  series = {LNCS 3780},
  month = nov,
  note = {}
}

@INPROCEEDINGS{Masuhara95,
  author = {Masuhara, Hidehiko and Matsuoka, Satoshi and Asai, Kenichi and Yonezawa, Akinori},
  title = {{Compiling Away the Meta-Level in Object-Oriented Concurrent Reflective Languages Using Partial Evaluation}},
  booktitle = {{Proceedings of the 10th Annual Conference on Object-Oriented Programming Systems, Languages, and Applications (OOPSLA'95)}},
  year = 1995,
  editor = {Wirf-Brock, Robecca J.},
  pages = {300--315},
  address = {Austin, TX, USA},
  organization = {},
  publisher = {ACM},
  volume = {},
  number = {},
  series = {},
  month = oct,
  note = {}
}

@INPROCEEDINGS{Kleinoder96,
  author = {Klein\"oder, J\"urgen and Golm, Michael},
  title = {{MetaJava: An Efficient Run-Time Meta Architecture for Java}},
  booktitle = {{Proceedings of the 5th International Workshop on Object-Orientation in Operating Systems (IWOOOS'96)}},
  year = 1996,
  editor = {},
  pages = {54--61},
  address = {Seattle, WA, USA},
  organization = {},
  publisher = {ACM},
  volume = {},
  number = {},
  series = {},
  month = oct,
  note = {}
}

@MASTERSTHESIS{Golm97,
  author = {Golm, Michael},
  title = {{Design and Implementation of a Meta Architecture fo Java}},
  school = {Friedrich-Alexander-University},
  year = 1997,
  address = {Erlangen-Nurenburg},
  type = {Master's Thesis},
  month = {},
  note = {}
}

@INPROCEEDINGS{Ruf93,
  author = {Ruf, Erik},
  title = {{Partial Evaluation in Reflective System Implementations}},
  booktitle = {{Proceedings of the 4th OOPSLA/ECOOP Workshop on Object-Oriented Reflection and Metalevel Architecture}},
  year = 1993,
  editor = {Foote, Brian},
  pages = {},
  address = {},
  organization = {},
  publisher = {},
  volume = {},
  number = {},
  series = {},
  month = oct,
  note = {}
}

@INPROCEEDINGS{Asai14,
  author = {Asai, Kenichi},
  title = {{Compiling a Reflective Language Using MetaOCaML}},
  booktitle = {{Proceedings of the 13th International Conference on Generative Programming: Concepts and Experiences (GPCE'14)}},
  year = 2014,
  editor = {Flatt, Matthew},
  pages = {113--122},
  address = {Väster\r{a}s, Sweden},
  organization = {},
  publisher = {ACM},
  volume = {},
  number = {},
  series = {},
  month = sep,
  note = {}
}

@INPROCEEDINGS{Li15,
  author = {Li, Xiangqi and Flatt, Matthew},
  title = {{Medic: Metaprogramming and Trace-Oriented Debugging}},
  booktitle = {{Proceedings of the Workshop on Future Programming (FPW'15)}},
  year = 2015,
  editor = {},
  pages = {7--14},
  address = {Pittsburgh, PA, USA},
  organization = {},
  publisher = {ACM},
  volume = {},
  number = {},
  series = {},
  month = oct,
  note = {}
}

@INPROCEEDINGS{Chari15,
  author = {Chari, Guido and Garbervetsky, Diego and Marr, Stefan and Ducasse, St\'ephane},
  title = {{Towards Fully Reflective Environments}},
  booktitle = {{Proceedings of the ACM International Symposium on New Ideas, New Paradigms, and Reflections on Programming and Software (Onward!'15)}},
  year = 2015,
  editor = {Murphy, Gail C. and Steele, Guy L., Jr},
  pages = {240--253},
  address = {Pittsburgh, PA, USA},
  organization = {},
  publisher = {ACM},
  volume = {},
  number = {},
  series = {},
  month = oct,
  note = {}
}

@INPROCEEDINGS{Chari16,
  author = {Chari, Guido and Garbervetsky, Diego and Marr, Stefan},
  title = {{Building Efficient and Highly Run-Time Adaptable Virtual Machines}},
  booktitle = {{Proceedings of the 12th Symposium on Dynamic Languages (DLS'16)}},
  year = 2016,
  editor = {Ierusalimschy, Roberto},
  pages = {60--71},
  address = {Amsterdam, Netherlands},
  organization = {},
  publisher = {},
  volume = {},
  number = {},
  series = {},
  month = nov,
  note = {},
}

@ARTICLE{Rothlisberger08,
  author = {R{\"o}thlisberger, David and Denker, Marcus and Tanter, {\'E}ric},
  title = {{Unanticipated Partial Behavioral Reflection: Adapting Applications at Run-Time}},
  journal = {{Computer Languages, Systems \& Structures}},
  publisher = {Elsevier},
  year = 2008,
  volume = 34,
  number = 2#"/"#3,
  pages = {46--65},
  month = {},
  note = {}
}

@INPROCEEDINGS{Moon86,
  author = {Moon, David A.},
  title = {{Object-Oriented Programming with Flavors}},
  booktitle = {{Proceedings of the 1st Annual Conference on Object-Oriented Programming Systems, Languages, and Applications (OOPSLA'86)}},
  year = 1986,
  editor = {Ingalls, Daniel},
  pages = {1--8},
  address = {Portland, OR, USA},
  organization = {ACM},
  publisher = {},
  volume = {},
  number = {},
  series = {},
  month = sep#"/"#oct,
  note = {}
}

@ARTICLE{Ortin04,
  author = {Ortin, Francisco and Cueva, Juan Manuel},
  title = {{Dynamic Adaptation of Application Aspects}},
  journal = {{Journal of Systems and Software}},
  publisher = {Elsevier},
  year = 2004,
  volume = 71,
  number = {},
  pages = {229--243},
  month = {},
  note = {}
}

@ARTICLE{Bolz15,
  author = {Bolz, Carl Friedrich and Tratt, Laurence},
  title = {{The Impact of Meta-Tracing on VM Design and Implementation}},
  journal = {{Science of Computer Programming}},
  publisher = {Elsevier},
  year = 2015,
  volume = 98,
  number = 3,
  pages = {408--421},
  month = feb,
  note = {}
}

@PHDTHESIS{Bolz13,
  author = {Bolz, Carl Friedrich},
  title = {{Meta-Tracing Just-in-Time Compilation for RPython}},
  school = {{Heinrich-Heine-Universit\"at D\"usseldorf}},
  year = 2013,
  address = {D\"usseldorf, Germany},
  type = {PhD thesis},
  month = sep,
  note = {}
}

@INPROCEEDINGS{Bolz09,
  author = {Bolz, Carl Friedrich and Cuni, Antonio and Fijalkowski, Machiej and Rigo, Armin},
  title = {{Tracing the Meta-Level: PyPy's Tracing JIT Compiler}},
  booktitle = {{Proceedings of the 4th Workshop on the Implementation, Compilation, Optimization of Object-Oriented Languages and Programming Systems (ICOOLPS'09)}},
  year = 2009,
  editor = {},
  pages = {18--25},
  address = {Genova, Italy},
  organization = {},
  publisher = {},
  volume = {},
  number = {},
  series = {},
  month = jul,
  note = {}
}

@INPROCEEDINGS{Bracha04,
  author = {Bracha, Gilad and Ungar, David},
  title = {{Mirrors: Design Principles for Meta-Level Facilities of Object-Oriented Programming Languages}},
  booktitle = {{Proceedings of the 19th Annual Conference on Object-Oriented Programming, Systems, Languages and Applications (OOPSLA'04)}},
  year = 2004,
  editor = {Schmidt, Doug},
  pages = {331--344},
  address = {Vancouver, BC, Canada},
  organization = {ACM},
  publisher = {},
  volume = {},
  number = {},
  series = {},
  month = oct,
  note = {}
}

@INPROCEEDINGS{VanDerWalt12,
  author = {van der Walt, Paul and Swierstra, Wouter},
  title = {{Engineering Proof by Reflection in Agda}},
  booktitle = {{Proceedings of the 24th International Symposium on Implementation and Application of Functional Languages (IFL'12)}},
  year = 2012,
  editor = {Hinze, Raf},
  pages = {157--173},
  address = {Oxford, United Kingdom},
  organization = {},
  publisher = {Springer},
  volume = {},
  number = {},
  series = {LNCS 8241},
  month = sept,
  note = {}
}

@INPROCEEDINGS{Burmako13,
  author = {Burmako, Eugene},
  title = {{Scala Macros: Let Our Powers Combine! On How Rich Syntax and Static Types Work with Meta-Programming}},
  booktitle = {{Proceedings of the 4th Workshop on Scala (SCALA'13)}},
  year = 2013,
  editor = {},
  pages = {},
  address = {Montpellier, France},
  organization = {},
  publisher = {ACM},
  volume = {},
  number = {},
  series = {},
  month = jul,
  note = {}
}

@ARTICLE{Lilis19,
  author = {Lilis, Yannis and Savidis, Anthony},
  title = {{A Survey of Metaprogramming Languages}},
  journal = {{ACM Computing Surveys}},
  publisher = {ACM},
  year = 2019,
  volume = 52,
  number = 6,
  pages = {},
  month = oct,
  note = {}
}

@INPROCEEDINGS{Landman17,
  author = {Landman, Davy and Serebrenik, Alexander and Vinju, Jurgen J.},
  title = {{Challenges for Static Analysis of Java Reflection: Literature Review and Empirical Study}},
  booktitle = {{Proceedings of the 39th International Conference on Software Engineering (ICSE'17)}},
  year = 2017,
  editor = {Orso, Alessandro and Robillard, Martin},
  pages = {507--518},
  address = {Buenos Aires, Argentina},
  organization = {},
  publisher = {IEEE},
  volume = {},
  number = {},
  series = {},
  month = may,
  note = {}
}

@INPROCEEDINGS{Li14,
  author = {Li, Yue and Tan, Tian and Sui, Yulei and Xue, Jingling},
  title = {{Self-Inferencing Reflection Resolution for Java}},
  booktitle = {{Proceedings of 28th the European Conference on Object-Oriented Programming (ECOOP'14)}},
  year = 2014,
  editor = {Jones, Richard},
  pages = {27--53},
  address = {Uppsala, Sweden},
  organization = {},
  publisher = {Springer},
  volume = {},
  number = {},
  series = {Lecture Notes in Computer Science 8586},
  month = jul,
  note = {}
}

@INPROCEEDINGS{Smaragdakis15,
  author = {Smaragdakis, Yannis and Balatsouras, George and Kastrinis, George and Bravenboer, Martin},
  title = {{More Sound Static Handling of Java Reflection}},
  booktitle = {{Proceedings of the 14th Asian Symposium on Programming Languages and Systems (APLAS'15)}},
  year = 2015,
  editor = {Feng, Xinyu and Park, Sungwoo},
  pages = {485--503},
  address = {Pohang, South Korea},
  organization = {},
  publisher = {Springer},
  volume = {},
  number = {},
  series = {Lecture Notes in Computer Science 9458},
  month = {},
  note = {}
}

@INPROCEEDINGS{Bodden11,
  author = {Bodden, Eric and Sewe, Andreas and Sinschek and Oueslati, Hela nd Mezini, Mira},
  title = {{Taming Reflection: Aiding Static Analysis in the Presence of Reflection and Custom Class Loaders}},
  booktitle = {{roceedings of the 33rd International Conference on Software Engineering (ICSE'11)}},
  year = 2011,
  editor = {Gall, Harald and Medvidovi\'c, Nenad},
  pages = {241--250},
  address = {Waikiki, Honolulu, Hawaii},
  organization = {},
  publisher = {IEEE},
  volume = {},
  number = {},
  series = {},
  month = may,
  note = {}
}
