@INCOLLECTION{Barais08,
  author = {Barais, Olivier and Le Meur, Anne-Fran\c{c}oise and Duchien, Laurence and Lawall, Julia L.},
  title = {{Software Architecture Evolution}},
  booktitle = {{Software Evolution}},
  publisher = {Springer},
  year = 2008,
  chapter = {},
  pages = {233-262},
  address = {},
  editor = {Mens, Tom and Demeyer, Serge},
  volume = {},
  number = {},
  series = {},
  type = {},
  edition = {},
  month = {},
  note = {}
}

@ARTICLE{Ishida92,
  author = {Toru Ishida and Les Gasser and Makoto Yokoo},
  title = {{Organization Self Design of Production Systems}},
  journal = {{IEEE Transaction on Knowledge and Data Engineering}},
  year = 1992,
  volume = 4,
  number = 2,
  pages = {123-134},
  month = apr,
  note = {}
}

@ARTICLE{Kramer90,
  author = {Jeff Kramer and Jeff Magee},
  title = {{The Evolving Philosophers Problem: Dynamic Change Management}},
  journal = ieeese,
  year = 1990,
  volume = 16,
  number = 11,
  pages = {1293-1306},
  month = nov,
  note = {}
}

@ARTICLE{Sullivan96,
  author = {Sullivan, Kevin J.\ and Kalet, Ira J.\ and Notkin, David}, 
  title = {{Evaluating the Mediator Method: Prism as a Case Study}},
  journal = ieeese,
  year = 1996,
  volume = 22,
  number = 8,
  pages = {563-579},
  month = aug,
  note = {}
}

@INCOLLECTION{Pintado95,
  author = {Pintado, Xavier},
  title = {{Gluons and the Cooperation Between Software Components}},
  booktitle = {{Object-Oriented Software Composition}},
  publisher = {Prantice Hall},
  editor = {Oscar Nierstrasz and Dennis Tsichritzis},
  year = 1995,
  chapter = {},
  pages = {321-349},
  address = {},
  editor = {},
  volume = {},
  number = {},
  series = {},
  type = {},
  edition = {},
  month = {},
  note = {}
}

@INPROCEEDINGS{Pintado93,
  author = {Xavier Pintado}, 
  title = {{Gluons: A Support for Software Component Cooperation}},
  editor = {},
  booktitle = {Proceedings of ISOTAS'93},
  number = {},
  series = {LNCS 742},
  year = 1993,
  address = {},
  organization = {},
  publisher = {Springer-Verlag}, 
  pages = {43-60},
  month = {},
  note = {}
}

@INPROCEEDINGS{Helm90,
  author = {Richard Helm and Ian M.\ Holland and Dipayan Gangopadhyay}, 
  title = {{Contracts: Specifying Compositions in Object-Oriented Systems}},
  editor = {},
  booktitle = {Proceedings of \oopsla/\ecoop'90},
  number = {},
  series = {},
  year = 1990,
  address = {},
  organization = {ACM},
  publisher = {}, 
  pages = {169-180},
  month = {},
  note = {}
}

@BOOK{Shaw96,
  author = {Mary Shaw and David Garlan},
  title = {{Software Architecture: Perspectives on an Emerging Discipline}},
  volume = {},
  series = {},
  publisher = {Prentice Hall},
  address = {Upper Saddle River, NJ 07458},
  edition = {},
  month = {},
  year = 1996,
  note = {}
}    

@BOOK{Pree95,
  author = {Wolfgang Pree},
  title = {{Design Patterns for Object-Oriented Software Development}},
  volume = {},
  series = {},
  publisher = {Addison Wesley},
  address = {},
  edition = {},
  month = {},
  year = 1995,
  note = {}
}    


@INPROCEEDINGS{Kramer07,
  author = {Kramer, Jeff and Magee, Jeff},
  title = {{Self-Managed Systems: an Architectural Challenge}},
  booktitle = {{Proceedings of 29\textsuperscript{th} International Conference on Software Engineering (ICSE'07): Future of Software Engineering (FoSE'07)}},
  year = 2007,
  editor = {Briand, Lionel C. and Wolf, Alexander L.},
  pages = {259-268},
  address = {Minneapolis, MN, USA},
  organization = {},
  publisher = {IEEE Computer Society},
  volume = {},
  number = {},
  series = {},
  month = may,
  note = {}
}

@INPROCEEDINGS{Murphy96,
  author = {Gail C. Murphy}, 
  title = {{Architecture for Evolution}},
  editor = {Wolf, Alexander L. and Finkelstein, Anthony and Spanoudakis, George and Vidal, Laura},
  booktitle = {Proceedings of 2nd International Software Architecture Workshop (ISAW'96)},
  number = {},
  series = {},
  year = 1996,
  address = {San Francisco, CA, USA},
  organization = {ACM},
  publisher = {}, 
  pages = {83-86},
  month = oct,
  note = {}
}

@INPROCEEDINGS{Magee96,
  author = {Magee, Jeff and Kramer, Jeff},
  title = {{Self-Organising Software Architecture}},
  editor = {Wolf, Alexander L. and Finkelstein, Anthony and Spanoudakis, George and Vidal, Laura},
  booktitle = {Proceedings of 2nd International Software Architecture Workshop (ISAW'96)},
  number = {},
  series = {},
  year = 1996,
  address = {San Francisco, CA, USA},
  organization = {ACM},
  publisher = {}, 
  pages = {35-38},
  month = oct,
  note = {}
}

@INPROCEEDINGS{Allen94,
  author = {Robert Allen and David Garlan}, 
  title = {{Formalizing Architectural Connection}},
  editor = {},
  booktitle = {Proceedings of ICSE'94},
  number = {},
  series = {},
  year = 1994,
  address = {},
  organization = {IEEE},
  publisher = {}, 
  pages = {},
  month = may,
  note = {}
}

@INPROCEEDINGS{DePaoli95,
  author = {De Paoli, Flavio and Francesco Tisato}, 
  title = {{Architectural Abstractions and Time Modeling in HyperReal}},
  editor = {},
  booktitle = {Proceedings of Euromicro Workshop on Real Time Systems},
  number = {},
  series = {},
  year = 1995,
  address = {Odense},
  organization = {},
  publisher = {}, 
  pages = {},
  month = jun,
  note = {}
}

@INPROCEEDINGS{Fischer92,
  author = {S. Fischer and A. Scholz and D. Taubner}, 
  title = {{Verification in Process Algebra of Distributed Control of Track Vehicles - A Case Study}},
  editor = {},
  booktitle = {4th International Workshop on Computer Aided Verification},
  number = {},
  series = {LNCS 663},
  year = 1992,
  address = {Montreal, Canada},
  organization = {},
  publisher = {Springer-Verlag}, 
  pages = {192--205},
  month = jul,
  note = {}
}

@ARTICLE{DeRemer76,
  author = {Frank DeRemer and Hans H. Kron}, 
  title = {{Programming-in-the-large versus Programming-in-the-small}},
  journal = ieeese,
  year = 1976,
  volume = {SE-2},
  pages = {80--86},
  month = jun,
  note = {}
}

@INPROCEEDINGS{Garlan94,
  author = {David Garlan and Robert Allen and John Ockerbloom}, 
  title = {{Exploiting Style in Architectural Design Environments}},
  editor = {},
  booktitle = {Proceedings of SIGSOFT'94: Foundations of Software Engineering},
  number = {},
  series = {},
  year = 1994,
  address = {},
  organization = {ACM},
  publisher = {}, 
  pages = {},
  month = {},
  note = {}
}

@ARTICLE{LuckHam95,
  author = {David C. Luckham and Larry M. Augustin and John J. Kenney and James Veera and Doug Bryan and Walter Mann}, 
  title = {{Specification and Analysis of System Architecture Using Rapide}},
  journal = ieeese,
  year = 1995,
  volume = {SE-21},
  pages = {336--355},
  month = apr,
  note = {Special Issue on Software Architecture.}
}

@ARTICLE{Kruchten95,
  author = {Kruchten, Philippe},
  title = {{The 4+1 View Model of Architecture}},
  journal = {{IEEE Software}},
  year = 1995,
  volume = 12,
  number = 6,
  pages = {61-70},
  month = {},
  note = {}
}

@INPROCEEDINGS{Garlan95,
  author = {David Garlan and Robert Allen and John Ockerbloom}, 
  title = {{Architectural Mismatch, or, Why It's Hard to Build Systems out of Existing Parts}},
  editor = {},
  booktitle = {Proceedings of XVII ICSE},
  number = {},
  series = {},
  year = 1995,
  address = {},
  organization = {IEEE},
  publisher = {}, 
  pages = {},
  month = apr,
  note = {}
}

@ARTICLE{Song11,
  author = {Song, Hui and Huang, Gang and Chauvel, Franck and Xiong, Yingfei and Hu, Zhenjiang and Sun, Yanchun and Mei, Hong},
  title = {{Supporting Runtime Software Architecture: A Bidirectional-Transformation-Based Approach}},
  journal = {{Journal of System and Software}},
  publisher = {Elsevier},
  year = 2011,
  volume = 84,
  number = 5,
  pages = {711--723},
  month = may,
  note = {}
}

@INPROCEEDINGS{Maga11,
  author = {Maga, Camelia R. and Jazdi, Nasser and G\"ohner, Peter},
  title = {{Reusable Models in Industrial Automation: Experiences in Defining Appropriate Levels of Granularity}},
  booktitle = {{Proceedings of the 18th IFAC World Congress (IFAC'11)}},
  year = 2011,
  editor = {Bittanti, Sergio and Colaneri, Patrizio},
  pages = {9145--9150},
  address = {Milan, Italy},
  organization = {},
  publisher = {Elsevier},
  volume = 44,
  number = 1,
  series = {},
  month = aug,
  note = {}
}
