@string{TAPOS=	"Theory and Practice of Object Systems"}
@string{ieeese= "IEEE Transactions on Software Engineering"}
@string{cacm= "Communications of the ACM"}

@INPROCEEDINGS{Allen98,
  author = {Allen, Robert and Douence, R\'emi and Garlan, David},
  title = {{Specifying and Analyzing Dynamic Software Architectures}},
  booktitle = {{Proceedings of the International Conference on Fundamental Approaches to Software Engineering (FASE'98)}},
  year = 1998,
  editor = {Astesiano, Egidio},
  pages = {21--37},
  address = {Lisbon, Portugal},
  organization = {},
  publisher = {Springer},
  volume = {},
  number = {},
  series = {Lecture Notes in Computer Science 1382},
  month = mar#"-"#apr,
  note = {}
}

@INPROCEEDINGS{David06,
  author = {David, Pierre-Charles and Ledoux, Thomas},
  title = {{An Aspect-Oriented Approach for Developing Self-Adaptive Fractal Components}},
  booktitle = {{Proceedings of the 5th International Symposium of Software Composition (SC'06)}},
  year = 2006,
  editor = {L\"owe, Wolf and S\"udholt, Mario},
  pages = {82--97},
  address = {Vienna, Austria},
  organization = {},
  publisher = {Springer},
  volume = {},
  number = {},
  series = {Lecture Notes in Computer Science 4089},
  month = mar,
  note = {}
}

@INPROCEEDINGS{Kagdi05,
  author = {Kagdi, Huzefa and Collard, Michael L. and Maletic, Jonathan I.},
  title = {{Towards a Taxonomy of Approaches for Mining of Source Code Repositories}},
  booktitle = {{Proceedings of the 2005 International Workshop on Mining Software Repositories (MSR'05)}},
  year = 2005,
  editor = {},
  pages = {},
  address = {St.\,Louis, MI, USA},
  organization = {},
  publisher = {ACM},
  volume = {},
  number = {},
  series = {},
  month = may,
  note = {}
}

@ARTICLE{Boehm88,
  author = {Boehm, Barry W.},
  title = {{A Spiral Model of Software Development and Enhancement}},
  journal = {{IEEE Computer}},
  publisher = {IEEE},
  year = 1988,
  volume = 21,
  number = 5,
  pages = {61--72},
  month = may,
  note = {}
}

@BOOK{Tan06,
  author = {Tan, Pang-Ning and Steinbach, Michael and Kumar, Vipin},
  editor = {},
  title = {{Introduction to Data Mining}},
  publisher = {Addison-Wesley},
  year = 2006,
  address = {Reading, MA, USA},
  edition = {},
  volume = {},
  number = {},
  series = {},
  month = mar,
  note = {}
}

@ARTICLE{Miller95,
  author = {Miller, George A.},
  title = {{WordNet: A Lexical Database for English}},
  journal = cacm,
  year = 1995,
  volume = 38,
  number = 11,
  pages = {39--41},
  month = nov,
  note = {}
}

@INPROCEEDINGS{Crane05,
  author = {Crane, Michelle L. and Dingel, Juergen},
  title = {{UML vs. Classical vs. Rhapsody Statecharts: Not All Models Are Created Equal}},
  booktitle = {{Proceedings of the 8th International Conference on Model Driven Engineering Languages and Systems (MoDELS'05)}},
  year = 2005,
  editor = {Briand, Lionel and Williams, Clay},
  pages = {97--112},
  address = {Montego Bay, Jamaica},
  organization = {},
  publisher = {Springer},
  volume = {},
  number = {},
  series = {Lecture Notes in Computer Science 3713},
  month = {},
  note = {}
}

@INPROCEEDINGS{Boehm06,
  author = {Boehm, Barry W.},
  title = {{A View of 20\textsuperscript{th} and 21\textsuperscript{st} Century Software Engineering}},
  booktitle = {{Proceedings of the 28th International Conference on Software Engineering (ICSE'06)}},
  year = 2006,
  editor = {Osterweil, Leon J. and Rombach, Dieter and Soffa, Mary Lou},
  pages = {12--29},
  address = {Shanghai, China},
  organization = {},
  publisher = {ACM},
  volume = {},
  number = {},
  series = {},
  month = may,
  note = {}
}

@ARTICLE{Highsmith01,
  author = {Highsmith, Jim and Cockburn, Alistair},
  title = {{Agile Software Development: The Business of Innovation}},
  journal = {Computer},
  year = 2001,
  volume = 34,
  number = 9,
  pages = {120--127},
  publisher = {IEEE},
  month = sep,
  note = {}
}

@BOOK{Martin03,
  author = {Martin, Robert C. and Newkirk, James W. and Koss, Robert S.},
  editor = {},
  title = {{Agile Software Development: Principles, Patterns and Practices}},
  publisher = {Prentice Hall},
  year = 2003,
  address = {Upper Saddle River, NJ},
  edition = {},
  volume = {},
  number = {},
  series = {},
  month = {},
  note = {}
}

@BOOK{Highsmith02,
  author = {Highsmith, Jim},
  editor = {},
  title = {{Agile Software Development Ecosystems}},
  publisher = {Addison-Wesley},
  year = 2002,
  address = {Readings, MA, USA},
  edition = {},
  volume = {},
  number = {},
  series = {},
  month = apr,
  note = {}
}

@INPROCEEDINGS{Batory05,
  author = {Batory, Don},
  title = {{Feature Models, Grammars and Propositional Formulas}},
  booktitle = {{Proceedings of the 9th International Conference on Software Product Lines (SPLC'05)}},
  year = 2005,
  editor = {Obbink, Henk and Pohl, Klaus},
  pages = {7--20},
  address = {Rennes, France},
  organization = {},
  publisher = {Springer},
  volume = {},
  number = {},
  series = {Lecture Notes in Computer Science 3714},
  month = sep,
  note = {}
}

@misc{Schwaber13,
        Date-Added = {2013-05-27 01:09:16 +0000},
        Date-Modified = {2013-05-27 01:09:56 +0000},
        Keywords = {techniques},
        Title = {The Scrum Guide, \url{http://scrum.org}}}

@ARTICLE{Dzidek08,
  author = {Dzidek, Wojciech James and Arisholm, Erik and Briand, Lionel C.},
  title = {{A Realistic Empirical Evaluation of the Costs and Benefits of UML in Software Maintenance}},
  journal = ieeese,
  year = 2008,
  volume = 34,
  number = 3,
  pages = {407--432},
  month = may#"/"#jun,
  note = {}
}

@INPROCEEDINGS{Mellor98,
  author = {Mellor, Stephen J. and Tockey, Stephen and Arthaud, Rodolphe and Leblanc, Philippe},
  title = {{An Action Language for UML: Proposal for a Precise Execution Semantics}},
  booktitle = {{Proceedings of the 1st Workshop on The Unified Modeling Language («UML»'98)}},
  year = 1998,
  editor = {B\'ezivin, Jean and Muller, Pierre-Alain},
  pages = {307--318},
  address = {Mulhouse, France},
  organization = {},
  publisher = {Springer},
  volume = {},
  number = {},
  series = {Lecture Notes in Computer Science 1618},
  month = jun,
  note = {}
}

@BOOK{Wohlin12,
  author = {Wohlin, Claes and Runeson, Per and H\"ost, Martin and Ohlsson, Magnus C. and Regnell, Bj\"orn and Wessl\'en, Anders},
  editor = {},
  title = {{Experimentation in Software Engineering}},
  publisher = {Springer},
  year = 2012,
  address = {},
  edition = {},
  volume = {},
  number = {},
  series = {},
  month = {},
  note = {}
}

@INCOLLECTION{Bottoni04,
  author = {Bottoni, Paolo and Parisi-Presicce, Francesco and T\"antzer, Gabriele},
  title = {{Specifying Coherent Refactoring Software Artefacts with Distributed Graph Transformations}},
  booktitle = {{Transformation of Knowledge, Information, and Data: Theory and Applications}},
  year = 2004,
  editor = {von Bommel, Patrick},
  pages = {95--126},
  publisher = {Idea Group Publishing},
  chapter = 5,
  address = {},
  volume = {},
  number = {},
  series = {},
  type = {},
  edition = {},
  month = oct,
  note = {}
}

@INPROCEEDINGS{Astels02,
  author = {Astels, Dave},
  title = {{Refactoring with UML}},
  booktitle = {{Proceedings of the 3rd International Conference on eXtreme Programming and Flexible Process in Software Engineering (XP'02)}},
  year = 2002,
  editor = {},
  pages = {67--70},
  address = {Alghero, Sardinia, Italy},
  organization = {},
  publisher = {},
  volume = {},
  number = {},
  series = {},
  month = {},
  note = {}
}

@INPROCEEDINGS{Boger02,
  author = {Boger, Marko and Sturm, Thorsten and Fragemann, Per},
  title = {{Refactoring Browser for UML}},
  booktitle = {{Proceedings of the International Conference on Objects, Components, Architectures, Services, and Applications for a Networked World (NetObjectDays'02)}},
  year = 2002,
  editor = {Ak\c{s}it, Mehmet and Mezini, Mira and Unland, Rainer},
  pages = {366--377},
  address = {},
  organization = {},
  publisher = {Springer},
  volume = {},
  number = {},
  series = {Lecture Notes in Computer Science 2591},
  month = {},
  note = {}
}

@INCOLLECTION{Rouvoy09,
  author = {Rouvouy, Romain and Barone, Paolo and Ding, Yun and Eliassen, Frank and Hallesteinsen, Svein and Lorenzo, Jorge and Mamelli, Alessandro and Scholz, Ulrich},
  title = {{MUSIC: Middleware Support for Self-Adaptation in Ubiquitous and Service-Oriented Environments}},
  booktitle = {{Software Engineering for Self-Adaptive Systems}},
  publisher = {Springer},
  year = 2009,
  chapter = {},
  pages = {164--182},
  address = {},
  editor = {Cheng, Betty H. and de Lemos, Rog\'erio and Giese, Holger and Inverardi, Paola and Magee, Jeff},
  volume = {},
  number = {},
  series = {Lecture Notes in Computer Science 5525},
  type = {},
  edition = {},
  month = {},
  note = {}
}

@INCOLLECTION{Brun09,
  author = {Brun, Yuriy and Di Marzo Serugendo, Giovanna and Gacek, Cristina and Giese, Holger and Kienle, Holger and Litoiu, Marin and M\"uller, Hausi and Pezz\`e, Mauro and Shaw, Mary},
  title = {{Engineering Self-Adaptive Systems through Feedback Loops}},
  booktitle = {{Software Engineering for Self-Adaptive Systems}},
  publisher = {Springer},
  year = 2009,
  chapter = {},
  pages = {48--70},
  address = {},
  editor = {Cheng, Betty H. and de Lemos, Rog\'erio and Giese, Holger and Inverardi, Paola and Magee, Jeff},
  volume = {},
  number = {},
  series = {Lecture Notes in Computer Science 5525},
  type = {},
  edition = {},
  month = {},
  note = {}
}

@INCOLLECTION{deLemos10,
  author = {de Lemos, Rog\'erio and Giese, Holger and M\"uller, Hausi A. and Shaw, Mary and Andersson, Jesper and Litoiu, Marin and Schmerl, Bradley and Tamura, Gabriel and Villegas, Norha M. and Vogel, Thomas and Weyns, Danny and Baresi, Luciano and Becker, Basil and Bencomo, Nelly and Brun, Yuriy and Cukic, Bojan and Desmarais, Ron and Dustdar, Schahram and Engels, Gregor and Geihs, Kurt and G\"oschka, Karl M. and Gorla, Alessandra and Grassi, Vincenzo and Inverardi, Paola and Karsai, Gabor and Kramer, Jeff and Lopes, Ant\'onia and Magee, Jeff and Malek, Sam and Mankovskii, Serge and Mirandola, Raffaela and Mylopoulos, John and Oscar Nierstrasz and Pezz\`e, Mauro and Prehofer, Christian and Sch\"afer, Wilhelm and Schlichting, Rick and Smith, Dennis B. and Sousa, Jo\~ao Pedro and Tahvildari, Ladan and Wong, Kenny and Wuttke, Jochen},
  title = {{Software Engineering for Self-Adaptive Systems: A Second Research Roadmap}},
  booktitle = {{Software Engineering for Self-Adaptive Systems II}},
  publisher = {Springer},
  year = 2010,
  chapter = {},
  pages = {1--32},
  address = {},
  editor = {de Lemos, Rog\'erio and Giese, Holger and M\"uller, Hausi A. and Shaw, Mary},
  volume = {},
  number = {},
  series = {Lecture Notes in Computer Science 7475},
  type = {},
  edition = {},
  month = oct,
  note = {}
}

@INPROCEEDINGS{Perrouin12,
  author = {Perrouin, Gilles and Morin, Brice and Chauvel, Franck and Fleurey, Franck and Klein, Jacques and Le Traon, Yves and Barais, Olivier and J\'ez\'equel, Jean-Marc},
  title = {{Towards Flexible Evolution of Dynamically Adaptive Systems}},
  booktitle = {{Proceedings of the 34th International Conference on Software Engineering (ICSE'12)}},
  year = 2012,
  editor = {Glinz, Martin and Murphy, Gail C. and Pezz\`e, Mauro},
  pages = {1353--1356},
  address = {Z\"urich, Switzerland},
  organization = {IEEE},
  publisher = {},
  volume = {},
  number = {},
  series = {},
  month = jun,
  note = {}
}

@INPROCEEDINGS{Goldsby08,
  author = {Goldsby, Heather and Cheng, Betty H. C.},
  title = {{Automatically Generating Behavioral Models of Adaptive Systems to Address Uncertainty}},
  booktitle = {{Proceedings of the ACM/IEEE 11th International Conference on Model Driven Engineering Languages and Systems (MoDELS'08)}},
  year = 2008,
  editor = {},
  pages = {568--583},
  address = {Touluse, France},
  organization = {ACM},
  publisher = {},
  volume = {},
  number = {},
  series = {},
  month = oct,
  note = {}
}

@INPROCEEDINGS{Maoz11,
  author = {Maoz, Shahar and Ringert, Jan Oliver and Rumpe, Bernhard},
  title = {{ADDiff: Semantic Differencing for Activity Diagrams}},
  booktitle = {{Proceedings of the 19th ACM SIGSOFT Symposium and the 13th European Conference on Foundations of Software Engineering (ESEC/FSE'11)}},
  year = 2011,
  editor = {Zeller, Andreas},
  pages = {179--189},
  address = {Szeged, Hungary},
  organization = {},
  publisher = {ACM},
  volume = {},
  number = {},
  series = {},
  month = sep,
  note = {}
}

@INPROCEEDINGS{Ohst11,
  author = {Ohst, Dirk and Welle, Michael and Kelter, Udo},
  title = {{Differences between Versions of UML Diagrams}},
  booktitle = {{Proceedings of the 19th ACM SIGSOFT Symposium and the 13th European Conference on Foundations of Software Engineering (ESEC/FSE'11)}},
  year = 2011,
  editor = {Zeller, Andreas},
  pages = {227--236},
  address = {Szeged, Hungary},
  organization = {},
  publisher = {ACM},
  volume = {},
  number = {},
  series = {},
  month = sep,
  note = {}
}

@INPROCEEDINGS{Xing05,
  author = {Xing, Zhenchang and Stroulia, Eleni},
  title = {{UMLDiff: an Algorithm for Object-Oriented Design Differencing}},
  booktitle = {{Proceedings of the 20th IEEE/ACM International Conference on Automated Software Engineering (ASE'05)}},
  year = 2005,
  editor = {Ellman, Tom and Zisman, Andrea},
  pages = {54--65},
  address = {Long Beach, CA, USA},
  organization = {},
  publisher = {ACM},
  volume = {},
  number = {},
  series = {},
  month = nov,
  note = {}
}

@ARTICLE{Xing07,
  author = {Xing, Zhenchang and Stroulia, Eleni},
  title = {{Differencing Logical UML Models}},
  journal = {{Automated Software Engineering}},
  year = 2007,
  volume = 14,
  number = 2,
  pages = {215--259},
  month = jun,
  note = {}
}

@INPROCEEDINGS{Alanen03,
  author = {Alanen, MArcus and Porres, Ivan},
  title = {{Difference and Union of Models}},
  booktitle = {{Proceedings of the 6th International Conference on the Unified Modeling Language. Modeling Languages and Applications («UML»'03)}},
  year = 2003,
  editor = {Stevens, Perdita and Whittle, Jon and Booch, Grady},
  pages = {2--17},
  address = {San Francisco, CA, USA},
  organization = {},
  publisher = {Springer},
  volume = {},
  number = {},
  series = {Lecture Notes in Computer Science 2863},
  month = oct,
  note = {}
}

@INPROCEEDINGS{Lano10,
  author = {Lano, Kevin and Kolahdouz-Rahimi, Shekoufeh},
  title = {{Slicing of UML Models Using Model Transformations}},
  booktitle = {{Proceedings of 13th International Conference on Model Driven Engineering Languages and Systems (MoDELS'10)}},
  year = 2010,
  editor = {Petriu, Dorina C. and Rouquette, Nicolas and Haugen, {\O}ystein},
  pages = {228--242},
  address = {Oslo, Norway},
  organization = {},
  publisher = {Springer},
  volume = {},
  number = {},
  series = {Lecture Notes in Computer Science 6395},
  month = oct,
  note = {}
}

@PHDTHESIS{Balz11,
  author = {Balz, Moritz},
  title = {{Embedding Model Specifications in Object-Oriented Program Code: A Bottom-up Appraoch for Model-Based Software Development}},
  school = {Universit\"at Duisburg-Essen},
  year = 2011,
  address = {Essen, Germany},
  type = {PhD Thesis},
  month = aug,
  note = {}
}

@INPROCEEDINGS{Moreira03,
  author = {Moreira, Rui and Blair, Gordon and Carrapatoso, Eurico},
  title = {{FORMAware: Framework of Reflective Components for Managing Architecture Adaptation}},
  booktitle = {{Software Engineering and Middleware}},
  year = 2003,
  editor = {Coen-Porisini, Alberto and van der Hoek, Andr\'e},
  pages = {115--129},
  address = {},
  organization = {},
  publisher = {Springer},
  volume = {},
  number = {},
  series = {Lecture Notes in Computer Science 2596},
  month = {},
  note = {}
}

@INPROCEEDINGS{Bernini09,
  author = {Bernini, Diego and Toscani, Daniele and Frigerio, Marco},
  title = {{A Software Architecture for the Deployment of Executable Transformation Models}},
  booktitle = {{Proceedings of the International Conference on Wireless Communication and Mobile Computing (IWCMC'09)}},
  year = 2009,
  editor = {},
  pages = {47--51},
  address = {Leipzig, Germany},
  organization = {},
  publisher = {},
  volume = {},
  number = {},
  series = {},
  month = jun,
  note = {}
}

@INPROCEEDINGS{Behlouli06,
  author = {Behlouli, Nabiha Belhanafi and Taconet, Chantal and Bernard, Guy},
  title = {{An Architecture for Supporting Development and Execution of Context-Aware Component Applications}},
  booktitle = {{Proceedings of the ACS/IEEE International Conference on Pervasive Services}},
  year = 2006,
  editor = {},
  pages = {57--66},
  address = {Lyon, France},
  organization = {},
  publisher = {IEEE Computer Society},
  volume = {},
  number = {},
  series = {},
  month = jun,
  note = {}
}

@INPROCEEDINGS{Micucci03,
  author = {Micucci, Daniela and Trentini, Andrea},
  title = {{A Pattern-Like Framework to Ease Dynamical Change of Component Behaviour}},
  booktitle = {{International Conference on Software Engineering \& Knowledge Engineering (SEKE'03)}},
  year = 2003,
  editor = {},
  pages = {},
  address = {San Francisco, CA, USA},
  organization = {},
  publisher = {},
  volume = {},
  number = {},
  series = {},
  month = {},
  note = {}
}

@INPROCEEDINGS{Shi06,
  author = {Shi, Ying and Liang, Zao Qing and Wang, Jun Li and Wang, Fu Di},
  title = {{A Reflection Mechanism for Reusing Software Architecture}},
  booktitle = {{Proceedings of the 6th International Conference on Quality Software (QSIC'06)}},
  year = 2006,
  editor = {},
  pages = {235--243},
  address = {Beijing, China},
  organization = {},
  publisher = {},
  volume = {},
  number = {},
  series = {},
  month = oct,
  note = {}
}

@INPROCEEDINGS{Huan09,
  author = {Huan, Wang and Ma, Cuiqin and Zhou, Lijuan},
  title = {{A Brief Review of Machine Learning and Its Application}},
  booktitle = {{Proceedings of the International Conference on Information Engineering and Computer Science (ICIECS'09)}},
  year = 2009,
  editor = {},
  pages = {1--4},
  address = {Wuhan, China},
  organization = {},
  publisher = {},
  volume = {},
  number = {},
  series = {},
  month = dec,
  note = {}
}

@INPROCEEDINGS{Huan10,
  author = {Huan, Wang and Ke, Zhou and Ruofan, Wu},
  title = {{A Dynamic Integrated Model in Machine Learning and Its Application}},
  booktitle = {{Proceedings of the 2nd WRI Global Congress on Intelligent Systems (GCIS)}},
  year = 2010,
  editor = {},
  pages = {75--78},
  address = {Wuhan, China},
  organization = {},
  publisher = {},
  volume = {},
  number = {},
  series = {},
  month = dec,
  note = {}
}

@INPROCEEDINGS{Cheriet10,
  author = {Cheriet, Henane and Bounour, Nora},
  title = {{Software Evolution: Models and Challenges}},
  booktitle = {{Proceedings of the International Conference on Machine and Web Intelligence (ICMWI'10)}},
  year = 2010,
  editor = {},
  pages = {479--481},
  address = {Algiers},
  organization = {},
  publisher = {IEEE},
  volume = {},
  number = {},
  series = {},
  month = oct,
  note = {}
}

@ARTICLE{Xuqiang09,
  author = {Xuqiang, Ling and Xiaodong, Huang and Bohu, Li and Xudong, Chai},
  title = {{SimFaster: a Modeling and Simulation Platform with Multiple Views for Complex System}},
  journal = {{The International Journal for Computation and Mathematics in Electrical and Electronic Engineering}},
  publisher = {Emerald Group Publishing},
  year = 2009,
  volume = 28,
  number = 6,
  pages = {1546--1559},
  month = nov,
  issn = {0332-1649},
  doi = {10.1108/03321640910992074},
  note = {}
}

@ARTICLE{Schoeberl10,
  author = {Schoeberl, Martin and Puffitsch, Wolfgang and Pedersen, Rasmus Ulslev and Huber, Benedikt},
  title = {{Worst-Case Execution Time Analysis for a Java Processor}},
  journal = {{Software---Practice and Experience}},
  year = 2010,
  volume = 40,
  number = 6,
  pages = {507--542},
  month = may,
  publisher = {John Wiley \& Sons, Inc.},
  note = {}
}

@INPROCEEDINGS{Hu02,
  author = {Hu, Erik Yu-Shing and Bernat, Guillem and Wellings, Andy},
  title = {{Addressing Dynamic Dispatching Issues in WCET Analysis for Object-Oriented Hard Real-Time Systems}},
  booktitle = {{Proceedings of the 5th IEEE International Symposium on Object-Oriented Real-Time Distributed Computing (ISORC'02)}},
  year = 2010,
  editor = {},
  pages = {109--116},
  address = {Washington, DC, USA},
  organization = {},
  publisher = {IEEE Computer Society},
  volume = {},
  number = {},
  series = {},
  month = apr,
  note = {}
}

@INPROCEEDINGS{Persson00,
  author = {Persson, Patrick and Hedin, G\"orel},
  title = {{An Interactive Environment for Real-Time Software Development}},
  booktitle = {{Proceedings of the 33rd International Conference on Technology of Object-Oriented Languages and Systems (TOOLS'00)}},
  year = 2000,
  editor = {},
  pages = {57--68},
  address = {St. Mal\`o, France},
  organization = {},
  publisher = {IEEE Computer Society},
  volume = {},
  number = {},
  series = {},
  month = jun,
  note = {}
}

@INPROCEEDINGS{Song10,
  author = {Song, Hui and Huang, Gang and Xiong, Yingfei and Chauvel, Franck and Sun, Yanchun and Mei, Hong},
  title = {{Inferring Meta-models for Runtime System Data from the Clients of Management APIs}},
  booktitle = {Proceedings of 13th International Conference on Model Driven Engineering Languages and Systems (MoDELS'10)},
  year = 2010,
  editor = {Petriu, Dorina C. and Rouquette, Nicolas and Haugen, {\O}ystein},
  pages = {168--182},
  address = {Oslo, Norway},
  organization = {},
  publisher = {Springer},
  volume = {},
  number = {},
  series = {Lecture Notes in Computer Science 6395},
  month = oct,
  note = {},
  otherinfo = {}
}

@INPROCEEDINGS{Chechik09,
  author = {Chechik, Marsha and Lai, Winnie and Nejati, Shiva and Cabot, Jordi and Diskin, Zinovy and Easterbrook, Steve and Sabetzadeh, Mehrdad and Salay, Rick},
  title = {{Relationship-Based Change Propagation: A Case Study}},
  booktitle = {{Proceedings of the ICSE Workshop on Modeling in Software Engineering (MiSE'09)}},
  year = 2009,
  editor = {},
  pages = {7--12},
  address = {Vancouver, Canada},
  organization = {},
  publisher = {IEEE},
  volume = {},
  number = {},
  series = {},
  month = may,
  note = {}
}

@INPROCEEDINGS{Finkelstein01,
  author = {Finkelstein, Anthony and Savigni, Andrea},
  title = {{A Framework for Requirements Engineering for Context-Aware Services}},
  booktitle = {{Proceedings of the 1st ICSE Workshop on «From Software Requirements to Architectures» (STRAW'01)}},
  year = 2001,
  editor = {},
  pages = {},
  address = {},
  organization = {},
  publisher = {IEEE Computer Society Press},
  volume = {},
  number = {},
  series = {},
  month = {},
  note = {}
}

@INPROCEEDINGS{Cuesta02,
  author = {Cuesta, Carlos E. and de la Fuente, Pablo and Barrio-Sol\órzano, Manuel and Beato, Encarnaci\ón},
  title = {{Coordination in a Reflective Architecture Description Language}},
  booktitle = {{Proceedings of the 5th International Conference on Coordination Models and Languages (COORDINATION'02)}},
  year = 2002,
  editor = {Arbab, Fahrad and Talcott, Carolyn},
  pages = {141--148},
  address = {York, United Kingdom},
  organization = {},
  publisher = {Springer},
  volume = {},
  number = {},
  series = {Lecture Notes in Computer Science 2315},
  month = apr,
  note = {}
}

@INPROCEEDINGS{Mei02,
  author = {Mei, Hong and Chen, Feng and Wang, Qianxiang and Feng, Yao-Dong},
  title = {{ABC/ADL: An ADL Supporting Component Composition}},
  booktitle = {{Proceedings of the 4th International Conference on Formal Engineering Methods (ICFEM'02)}},
  year = 2002,
  editor = {George, Chris and Miao, Huaikou},
  pages = {38--47},
  address = {Shanghai, China},
  organization = {},
  publisher = {Springer},
  volume = {},
  number = {},
  series = {Lecture Notes in Computer Science 2495},
  month = oct,
  note = {}
}

@ARTICLE{Murphy01b,
  author = {Murphy, Gail C. and Notkin, David and Sullivan, Kevin J.},
  title = {{Software Reflexion Models: Bridging the Gap between Design and Implementation}},
  journal = ieeese,
  year = 2001,
  volume = 27,
  number = 4,
  pages = {364--380},
  month = apr,
  note = {}
}

@ARTICLE{Prechelt98,
  author = {Prechelt, Lutz and Kr\"amer, Christian},
  title = {{Functionality versus Practicality: Employing Existing Tools for Recovering Structural Design Patterns}},
  journal = {{Journal of Universal Computer Science}},
  year = 1998,
  volume = 4,
  number = 12,
  pages = {866--882},
  month = dec,
  publisher = {Springer},
  note = {}
}

@INPROCEEDINGS{France07,
  author = {France, Robert B. and Rumpe, Bernhard},
  title = {{Model-Driven Development of Complex Software: A Research Roadmap}},
  booktitle = {{Proceedings of Future of Software Engineering (FoSE'07)}},
  year = 2007,
  editor = {Briand, Lionel C. and Wolf, Alexander L.},
  pages = {37--54},
  address = {Minneapolis, MN, USA},
  organization = {},
  publisher = {IEEE Computer Society},
  volume = {},
  number = {},
  series = {},
  month = may,
  note = {}
}

@ARTICLE{Blair09,
  author = {Blair, Gordon S. and Bencomo, Nelly and France, Robert B.},
  title = {{Models@run.time}},
  journal = {{IEEE Computer}},
  year = 2009,
  volume = 42,
  number = 10,
  pages = {22--27},
  month = oct,
  note = {}
}

@INPROCEEDINGS{Flatt09,
  author = {Flatt, Matthew and Barzilay, Eli and Findler, Robert Bruce},
  title = {{Scribble: Closing the Book on Ad Hoc Documentation Tools}},
  booktitle = {{Proceedings of 14th ACM Sigplan International Conference on Functional Programming (ICFP'09)}},
  year = 2009,
  editor = {},
  pages = {109--120},
  address = {Edinburgh, Scotland},
  organization = {ACM},
  publisher = {},
  volume = {},
  number = {},
  series = {},
  month = sep,
  note = {}
}

@INPROCEEDINGS{Johannes09,
  author = {Johannes, Jendrik},
  title = {{Controlling Model-Driven Software Development through Composition Systems}},
  booktitle = {{Proceedings of the 7th Nordic Workshop on Model Driven Software Engineering (NW-MODE'09)}},
  year = 2009,
  editor = {},
  pages = {240--253},
  address = {Tampere, Finland},
  organization = {},
  publisher = {},
  volume = {},
  number = {},
  series = {},
  month = aug,
  note = {}
}

@ARTICLE{Tratt04,
  author = {Tratt, Laurence},
  title = {{Model Transformations and Tool Integration}},
  journal = {{Software and Systems Modeling}},
  year = 2004,
  volume = 4,
  number = 2,
  pages = {112--122},
  month = may,
  note = {}
}

@INPROCEEDINGS{DiRuscio05,
  author = {Di Ruscio, Davide and Pierantonio, Alfonso},
  title = {{Model Transformations in the Development of Data-Intensive Web Applications}},
  booktitle = {{Proceedings of the 17th International Conference on Advanced Information Systems Engineering (CAiSE'05)}},
  year = 2005,
  editor = {},
  pages = {475--490},
  address = {Porto, Portugal},
  organization = {},
  publisher = {Springer},
  volume = {},
  number = {},
  series = {Lecture Notes in Computer Science 3520},
  month = jun,
  note = {}
}

@INPROCEEDINGS{Caporuscio05,
  author = {Caporuscio, Mauro and Di Ruscio, Davide and Inverardi, Paola and Pelliccione, Patrizio and Pierantonio, Alfonso},
  title = {{Engineering MDA into Compositional Reasoning for Analyzing Middleware-Based Applications}},
  booktitle = {{Proceedings of the 2nd European Workshop on Software Architecture (EWSA'05)}},
  year = 2005,
  editor = {},
  pages = {130--145},
  address = {Pisa, Italy},
  organization = {},
  publisher = {Springer},
  volume = {},
  number = {},
  series = {Lecture Notes in Computer Science 3527},
  month = jun,
  note = {}
}

@INPROCEEDINGS{Hausmann03,
  author = {Hausmann, Jan Hendrik and Kent, Stuart},
  title = {{Visualizing Model Mappings in UML}},
  booktitle = {{Proceedings of the 2003 ACM Symposium on Software Visualization}},
  year = 2003,
  editor = {},
  pages = {169--178},
  address = {San Diego, CA, USA},
  organization = {},
  publisher = {ACM},
  volume = {},
  number = {},
  series = {},
  month = jun,
  note = {}
}

@ARTICLE{Selic03,
  author = {Selic, Bram},
  title = {{The Pragmatics of Model-Driven Development}},
  journal = {{IEEE Software}},
  year = 2003,
  volume = 20,
  number = 5,
  pages = {19--25},
  month = sep,
  note = {}
}

@BOOK{Greenfield04,
  author = {Greenfield, Jack and Short, Keith and Cook, Steve and Kent, Stuart},
  editor = {},
  title = {{Software Factories: Assembling Applications with Patterns, Models, Frameworks and Tools}},
  publisher = {Wiley},
  year = 2004,
  address = {},
  edition = {},
  volume = {},
  number = {},
  series = {},
  month = {},
  note = {}
}

@BOOK{Fowler04,
  author = {Fowler, Martin},
  editor = {},
  title = {{UML Distilled}},
  publisher = {Addison-Wesley},
  year = 2004,
  address = {Reading, MA, USA},
  edition = {third edition},
  volume = {},
  number = {},
  series = {},
  month = {},
  note = {}
}

@INPROCEEDINGS{Pradel09,
  author = {Pradel, Michael and Gross, Thomas R.},
  title = {{Automatic Generation of Object Usage Specifications from Large Method Traces}},
  booktitle = {{Proceedings of the 24th IEEE/ACM International Conference on Automated Software Engineering (ASE'09)}},
  year = 2009,
  editor = {},
  pages = {},
  address = {Auckland, New Zealand},
  organization = {},
  publisher = {},
  volume = {},
  number = {},
  series = {},
  month = nov,
  note = {}
}

@ARTICLE{Medvidovic00,
  author = {Medvidovic, Nenad and Taylor, Richard N.},
  title = {{A Classification and Comparison Framework for Software Architecture Description Languages}},
  journal = ieeese,
  year = 2000,
  volume = 26,
  number = 1,
  pages = {70--93},
  month = jan,
  note = {}
}

@INPROCEEDINGS{Andersson09b,
  author = {Andersson, Jesper and de Lemos, Rog\'erio and Malek, Sam and Weyns, Danny},
  title = {{Modeling Dimensions of Self-Adaptive Software Systems}},
  booktitle = {{Software Engineering for Self-Adaptive Systems}},
  year = 2009,
  editor = {Cheng, Betty H. C. and de Lemos, Rog\'erio and Giese, Holger and Inverardi, Paola and Magee, Jeff},
  pages = {27--47},
  address = {},
  organization = {},
  publisher = {Springer},
  volume = {},
  number = {},
  series = {Lecture Notes in Computer Science 5525},
  month = {},
  note = {}
}

@INPROCEEDINGS{Andersson09,
  author = {Andersson, Jesper and de Lemos, Rog\'erio and Malek, Sam and Weyns, Danny},
  title = {{Reflecting on Self-Adaptive Software Systems}},
  booktitle = {{Proceedings of 2009 ICSE Workshop on Software Engineering for Adaptive and Self-Managing Systems (SEAMS'09)}},
  year = 2009,
  editor = {},
  pages = {38--47},
  address = {Vancouver, BC, Canada},
  organization = {},
  publisher = {},
  volume = {},
  number = {},
  series = {},
  month = may,
  note = {}
}

@INCOLLECTION{Nierstrasz09,
  author = {Nierstrasz, Oscar and Denker, Markus and Renggli, Lukas},
  title = {{Model-Centric, Context-Aware Software Adaptation}},
  booktitle = {{Software Engineering for Self-Adaptive Systems}},
  publisher = {Springer},
  year = 2009,
  chapter = {},
  pages = {128--145},
  address = {},
  editor = {Cheng, Betty H. and de Lemos, Rog\'erio and Giese, Holger and Inverardi, Paola and Magee, Jeff},
  volume = {},
  number = {},
  series = {Lecture Notes in Computer Science 5525},
  type = {},
  edition = {},
  month = {},
  note = {}
}

@BOOK{Coplien98b,
  author = {Coplien,James O.},
  editor = {},
  title = {{Multi-Paradigm Design for C++}},
  publisher = {Addison-Wesley},
  year = 1998,
  address = {},
  edition = {},
  volume = {},
  number = {},
  series = {},
  month = {},
  note = {}
}

@ARTICLE{Dowson97,
  author = {Dowson, Mark},
  title = {{The Ariane 5 Software Failure}},
  journal = {{ACM SIGSOFT Software Engineering Notes}},
  year = 1997,
  volume = 22,
  number = 2,
  pages = 84,
  month = mar,
  note = {}
}

@INPROCEEDINGS{Garlan04b,
  author = {Garlan, David and Schmerl, Bradley},
  title = {{Using Architectural Models at Runtime: Research Challenges}},
  booktitle = {{Proceedings of the First European Workshop on Software Architecture (EWSA'04)}},
  year = 2004,
  editor = {Oquendo, Flavio and Warboys, Brian C. and Morrison, Ron},
  pages = {200--205},
  address = {St.\,Andrews, Scotland},
  organization = {},
  publisher = {Springer},
  volume = {},
  number = {},
  series = {Lecture Notes in Computer Science 3047},
  month = may,
  note = {}
}

@ARTICLE{Cheng12,
  author = {Cheng, Shang-Wen and Garlan, David},
  editor = {Weyns, Danny and Andersson, Jesper and Malek, San and Schmerl, Bradley},
  title = {{Stitch: A Language for Architecture-Based Self-Adaptation}},
  journal = {{Journal of Systems and Software}},
  year = 2012,
  volume = 85,
  number = 12,
  pages = {2860--2875},
  month = dec,
  note = {Special Issue on State of the Art in Self-Adaptive Systems}
}

@INCOLLECTION{Garlan09,
  author = {Garlan, David and Schmerl, Bradley and Cheng, Shang-Wen},
  title = {{Software Architecture-Based Self-Adaptation}},
  booktitle = {{Autonomic Computing and Networking}},
  publisher = {Springer},
  year = 2009,
  chapter = 1,
  pages = {31--55},
  address = {},
  editor = {Denko, Mieso K. and Yang, Laurence Tianrou and Zhang, Yan},
  volume = {},
  number = {},
  series = {},
  type = {},
  edition = {},
  month = {},
  note = {}
}

@ARTICLE{Garlan04,
  author = {Garlan, David and Cheng, Shang-Wen and Huang, An-Cheng and Schmerl, Bradley and Steenkiste, Peter},
  title = {{Rainbow: Architecture-Based Self Adaptation with Reusable Infrastructure}},
  journal = {{IEEE Computer}},
  year = 2004,
  volume = 37,
  number = 10,
  pages = {46--54},
  month = oct,
  note = {}
}

@INCOLLECTION{Schneider99,
  author = {Schneider, Jean-Guy and Nierstrasz, Oscar},
  title = {{Components, Scripts and Glue}},
  booktitle = {{Software Architectures---Advances and Applications}},
  publisher = {Springer},
  year = 1999,
  chapter = {},
  pages = {13--25},
  address = {},
  editor = {Barroca, Leonor and Hall, Jon and Hall, Patrick},
  volume = {},
  number = {},
  series = {},
  type = {},
  edition = {},
  month = {},
  note = {}
}

@INPROCEEDINGS{Nierstrasz00,
  author = {Nierstrasz, Oscar and Achermann, Franz},
  title = {{Supporting Compositional Styles for Software Evolution}},
  booktitle = {{Proceedings of the International Symposium on Principles of Software Evolution (ISPSE 2000)}},
  year = 2000,
  editor = {},
  pages = {11--19},
  address = {Kanazawa, Japan},
  organization = {},
  publisher = {},
  volume = {},
  number = {},
  series = {},
  month = nov,
  note = {}
}

@INPROCEEDINGS{Dellarocas98,
  author = {Dellarocas, Chrysanthos and Klein, Mark and Shrobe, Howard},
  title = {{An Architecture for Constructing Self-Evolving Software Systems}},
  booktitle = {{Proceedings of the 3rd International Workshop on Software Architecture}},
  year = 1998,
  editor = {},
  pages = {29--32},
  address = {Orlando, FL, USA},
  organization = {},
  publisher = {},
  volume = {},
  number = {},
  series = {},
  month = nov,
  note = {}
}

@INPROCEEDINGS{Eden03,
  author = {Eden, Amnon H. and Kazman, Rick},
  title = {{Architecture, Design, Implementation}},
  booktitle = {{Proceedings of the 25th International Conference on Software Engineering (ICSE'03)}},
  year = 2003,
  editor = {},
  pages = {149--159},
  address = {Portland, OR, USA},
  organization = {},
  publisher = {},
  volume = {},
  number = {},
  series = {},
  month = may,
  note = {}
}

@ARTICLE{Lehman01b,
  author = {Lehman, Meir M. and Fern\'andez-Ramil, Juan C.},
  title = {{Rules and Tools for Software Evolution Planning and Management}},
  journal = {{Annals of Software Engineering}},
  year = 2001,
  volume = 11,
  number = 1,
  pages = {15--44},
  month = {},
  note = {}
}

@ARTICLE{Lehman98,
  author = {Lehman, Meir M.},
  title = {{Software's Future: Managing Evolution}},
  journal = {IEEE Software},
  year = 1998,
  volume = 15,
  number = 1,
  pages = {40--44},
  month = jan,
  note = {}
}

@INPROCEEDINGS{Agerbo98,
  author = {Agerbo, Ellen and Cornils, Aino},
  title = {{How to Preserve the Benefits of Design Patterns}},
  booktitle = {{Proceedings of Object-Oriented Programming Systems, Languages and Applications (OOPSLA'98)}},
  year = 1998,
  editor = {},
  pages = {134--143},
  address = {Vancouver, BC, CAnada},
  organization = {ACM},
  publisher = {},
  volume = {},
  number = {},
  series = {},
  month = oct,
  note = {}
}

@ARTICLE{Budinsky96,
  author = {Budinsky, Frank and Finnie, Marilyn and Yu, Patsy and Vlissides, John},
  title = {{Automatic Code Generation from Design Patterns}},
  journal = {{IBM Systems Journal}},
  year = 1996,
  volume = 35,
  number = 2,
  pages = {151--171},
  month = {},
  note = {}
}

@INCOLLECTION{Coplien98,
  author = {Coplien, James O.},
  title = {{Software Design Patterns: Common Questions and Answers}},
  booktitle = {{The Patterns Handbook: Techniques, Strategies and Applications}},
  publisher = {Cambridge University Press},
  year = 1998,
  chapter = {},
  pages = {311--320},
  address = {},
  editor = {Rising, Linda},
  volume = {},
  number = {},
  series = {},
  type = {},
  edition = {},
  month = jan,
  note = {}
}

@ARTICLE{Gil98,
  author = {Gil, Joseph and Lorenz, David H.},
  title = {{Design Pattern and Language Design}},
  journal = {{IEEE Computer}},
  year = 1998,
  volume = 31,
  number = 3,
  pages = {118--120},
  month = {},
  note = {}
}

@INPROCEEDINGS{Gil97,
  author = {Gil, Joseph and Lorenz, David H.},
  title = {{Design Patterns vs. Language Design}},
  booktitle = {{Proceedings of the Workshop on Object-Oriented Technology}},
  year = 1997,
  editor = {},
  pages = {108--111},
  address = {Helsinki, Finland},
  organization = {},
  publisher = {Springer},
  volume = {Lecture Notes in Computer Science 1357},
  number = {},
  series = {},
  month = jul,
  note = {}
}

@ARTICLE{Ajila95,
  author = {Ajila, Samuel},
  title = {{Software Maintenance: An Approach to Impact Analysis of Objects Change}},
  journal = {{Software --- Practice and Experience}},
  year = 1995,
  volume = 25,
  number = 10,
  pages = {1155--1181},
  month = oct,
  note = {}
}

@INPROCEEDINGS{Pukall08,
  author = {Pukall, Mario and K{\"a}stner, Christian and Saake, Gunter},
  title = {{Towards Unanticipated Runtime Adaptation of Java Applications}},
  booktitle = {{Proceedings of the 15th Asia-Pacific Software Engineering Conference (APSEC'08)}},
  year = 2008,
  editor = {},
  pages = {85--92},
  address = {Bejing, China},
  organization = {},
  publisher = {IEEE Computer Society},
  volume = {},
  number = {},
  series = {},
  month = dec,
  note = {}
}

@MISC{Ambler08,
  author = {Ambler, Scott W.},
  title = {{Agile/Lean Documentation: Strategies for Agile Software Development}},
  howpublished = {{Available at \url{http://www.agilemodeling.com/essays/agileDocumentation.htm}}},
  month = oct,
  year = 2008,
  note = {}
}

@MISC{Ambler,
  author = {Ambler, Scott W.},
  title = {{Communication on Agile Software Projects}},
  howpublished = {{Available at \url{http://www.agilemodeling.com/essays/communication.htm}}},
  month = {},
  year = {},
  note = {}
}

@MISC{Ambler07,
  author = {Ambler, Scott W.},
  title = {{Agile Documentation Strategies}},
  howpublished = {Dr. Dobb's Journal},
  month = feb,
  year = 2007,
  note = {Available at \url{http://www.ddj.com/architect/197003363?cid=Ambysoft}}
}

@BOOK{Ambler04,
  author = {Ambler, Scott W. and Nalbone, John and Vizdos, Michael},
  editor = {},
  title = {{Enterprise Unified Process: Extending the Rational Unified Process}},
  publisher = {Prentice Hall PTR},
  year = 2004,
  address = {},
  edition = {},
  volume = {},
  number = {},
  series = {},
  month = {},
  note = {}
}

# detrattore agile
@TECHREPORT{Segal04,
  author = {Segal, Judith},
  title = {{Professional End User Developers and Software Development Knowledge}},
  institution = {The Open University},
  year = 2004,
  type = {Technical Report},
  number = {2004/25},
  address = {United Kingdom},
  month = oct,
  note = {}
}

# 'Software maintainers have long known that the only documentation you can really trust is the code.. '

@ARTICLE{Paulk02,
  author = {Paulk, Mark C.},
  title = {{Agile Methodologies and Process Discipline}},
  journal = {{Crosstalk, The Journal of Defense Software Engineering}},
  year = 2002,
  volume = 15,
  number = 10,
  pages = {15--18},
  month = oct,
  note = {}
}

@MISC{Vashishtha08,
  author = {ShriKant Vashishtha},
  title = {{Preparing for Agile Maintenance - Knowledge Management}},
  howpublished = {Available at \url{http://blog.xebia.com/2008/08/14/preparing-for-agile-maintenance-knowledge-management/}},
  month = aug,
  year = 2008,
  note = {}
}

@MISC{Coplien08,
  author = {Coplien, Jim and Martin, Bob},
  title = {{Coplien and Martin Debate TDD, CDD and Professionalism}},
  howpublished = {Available at \url{http://www.infoq.com/interviews/coplien-martin-tdd}},
  month = feb,
  year = 2008,
  note = {}
}

@ARTICLE{Ghezzi02,
  author = {Ghezzi, Carlo and Monga, Mattia},
  title = {{Extreme Programming: Programmazione Estrema o Revisionismo Estremista}},
  journal = {{Mondo Digitale}},
  year = 2002,
  volume = 4,
  number = {},
  pages = {3--14},
  month = dec,
  note = {In Italian}
}

@ARTICLE{Chikofsky90,
  author = {Chikofsky, Elliot J. and Cross II, James H.},
  title = {{Reverse Engineering and Design Recovery: A Taxonomy}},
  journal = {{IEEE Software}},
  publisher = {IEEE},
  year = 1990,
  volume = 7,
  number = 1,
  pages = {13--17},
  month = jan,
  note = {}
}

@BOOK{Stephens03,
  author = {Stephens, Matt and Rosenberg, Doug},
  editor = {},
  title = {{Extreme Programming Refactored: The Case Against XP}},
  publisher = {Apress},
  year = 2003,
  address = {},
  edition = {},
  volume = {},
  number = {},
  series = {},
  month = jul,
  note = {}
}

@ARTICLE{Stephens03b,
  author = {Stephens, Matt},
  title = {{The Case Against Extreme Programming}},
  journal = {{Software Reality}},
  year = 2003,
  volume = {},
  number = {},
  pages = {},
  month = jan,
  note = {http://www.Softwarereality.com/lifecycle/xp/case_against_xp.jsp}
}

@INPROCEEDINGS{Ball99,
  author = {Ball, Thomas},
  title = {{The Concept of Dynamic Analysis}},
  editor = {Nierstrasz, Oscar and Lemoine, Michel},
  booktitle = {{Proceedings of the 7th European Software Engineering Conference (ESEC'99)}},
  number = {},
  series = {},
  year = 1999,
  address = {Toulouse, France},
  organization = {},
  publisher = {},
  pages = {216--234},
  month = sep,
  note = {}
}

@ARTICLE{Binkley06,
  author = {Binkley, Dave and Danicic, Sebastian and Gyimothy, Tibor  and Harman, Mark  and Kiss, Akos  and Korel, Bogdan},
  title = {{Theoretical Foundations of Dynamic Program Slicing}},
  journal = tcs,
  year = 2006,
  volume = 360,
  number = 3,
  pages = {23--41},
  month = mar,
  note = {}
}

@ARTICLE{Eisenbarth03,
  author = {Eisenbarth, Thomas and Koschle, Rainer and Simon, Daniel},
  title = {{Locating Features in Source Code}},
  journal = ieeese,
  year = 2003,
  volume = 29,
  number = 3,
  pages = {210--224},
  month = mar,
  note = {},
}

@INPROCEEDINGS{Sillito06,
  author = {Sillito, Jonathan and Murphy, Gail C. and De Volder, Kris},
  title = {{Questions Programmers Ask During Software Evolution Tasks}},
  booktitle = {{Proceedings of the ACM SIGSOFT International Symposium on the Foundations of Software Engineering (FSE'06)}},
  year = 2006,
  editor = {},
  pages = {23--34},
  address = {Portland, Oregon, USA},
  organization = {},
  publisher = {},
  volume = {},
  number = {},
  series = {},
  month = nov,
  note = {}
}

@INPROCEEDINGS{Wada05,
  author = {Wada, Hiroshi and Suzuki, Junichi},
  title = {{Modeling Turnpike: A Model Transformation Framework for Domain Specific Languages}},
  booktitle = {{Proceedings of the 8th ACM/IEEE International Conference on Model Driven Engineering Languages and Systems (MoDELS/UML 2005)}},
  year = 2005,
  editor = {Briand, Lionel C.\ and Clay Williams},
  pages = {584--600},
  address = {Montego Bay, Jamaica},
  organization = {},
  publisher = {Springer},
  volume = {},
  number = {},
  series = {Lecture Notes in Computer Science 3713},
  month = oct,
  note = {}
}

@INPROCEEDINGS{VanDerStraeten06,
  author = {Van Der Straeten, Ragnhild and D'Hondt, Maja},
  title = {{Model Refactorings through Rule-Based Inconsistency Resolution}},
  booktitle = {Proceedings of the 11th Annual ACM Symposium on Applied Computing (SAC'06)},
  year = 2006,
  editor = {},
  pages = {1210--1217},
  address = {Dijon, France},
  organization = {},
  publisher = {ACM Press},
  volume = {},
  number = {},
  series = {},
  month = apr,
  note = {}
}'

@ARTICLE{Mens00,
  author = {Mens, Tom  and D'Hondt, Theo},
  title = {{Automating Support for Software Evolution in UML}},
  journal = {{Automated Software Engineering}},
  year = 2000,
  volume = 7,
  number = 1,
  pages = {39--59},
  month = mar,
  note = {}
}

@INPROCEEDINGS{Burmester05,
  author = {Burmester, Sven and Giese, Holger and Hirsch, Martin and Schilling, Daniela and Tichy, Matthias},
  title = {{The Fujaba Real-Time Tool Suite: Model-Driven Development of Safety-Critical, Real-Time Systems}},
  booktitle = {{Proceedings of the 27th International Conference on Software Engineering (ICSE'05)}},
  year = 2005,
  editor = {Griswold, William and Nuseibeh, Bashar},
  pages = {670--671},
  address = {St. Louis, MO, USA},
  organization = {},
  publisher = {ACM Press},
  volume = {},
  number = {},
  series = {},
  month = may,
  note = {}
}

@INPROCEEDINGS{DHondt00,
  author = {D'Hondt, Theo and De Volder, Kris and Mens, Kim and Wuyts, Roel},
  title = {{Co-Evolution of Object-Oriented Software Design and Implementation}},
  booktitle = {{Proceedings of the International Symposium on Software Architectures and Component Technology}},
  year = 2000,
  editor = {Ak\c{s}it, Mehmet},
  pages = {207--224},
  address = {Twente, The Netherlands},
  organization = {},
  publisher = {Kluwer},
  volume = {},
  number = {},
  series = {},
  month = jan,
  note = {}
}

@ARTICLE{Girba06,
  author = {Tudor G\^{\i}rba and St\'ephane Ducasse},
  title = {{Modeling History to Analyze Software Evolution}},
  journal = {International Journal on Software Maintenance: Research and Practice (JSME)},
  year = 2006,
  volume = 18,
  pages = {207--236}
}

@INPROCEEDINGS{Nierstrasz05,
  author = {Oscar Nierstrasz and St\'ephane Ducasse and Tudor G\^{\i}rba},
  title = {{The Story of Moose: an Agile Reengineering Environment}},
  booktitle = {{Proceedings of ESEC/FSE 2005}},
  publisher = {ACM},
  year = 2005,
  ISBN = {1-59593-014-0},
  note = {Invited paper},
  pages = {1--10}
}

@INPROCEEDINGS{VanDerStraeten02,
  author = {Van Der Straeten, Ragnhild},
  title = {{Semantic Links and Co-Evolution in Object-Oriented Software Development}},
  booktitle = {{Proceedings of the 17th International Conference Automated Software Engineering (ASE'02)}},
  year = 2002,
  editor = {},
  pages = {317},
  address = {Edimburgh, Scotland},
  organization = {},
  publisher = {IEEE},
  volume = {},
  number = {},
  series = {},
  month = {},
  note = {}
}

@BOOK{Fowler99,
  author = {Fowler, Martin},
  editor = {},
  title = {{Refactoring: Improving the Design of Existing Code}},
  publisher = {Addison-Wesley},
  year = 1999,
  address = {Reading, Massachusetts},
  edition = {},
  volume = {},
  number = {},
  series = {},
  month = jun,
  note = {}
}

@INPROCEEDINGS{Kent02,
  author = {Kent, Stuart},
  title = {{Model Driven Engineering}},
  booktitle = {{Proceedings of the 3rd International Conference on Integrated Formal Methods (IFM'02)}},
  year = 2002,
  editor = {Butler, Michael J.\ and Petre, Luigia and Sere, Kaisa},
  pages = {286--298},
  address = {Turku, Finland},
  organization = {},
  publisher = {Springer},
  volume = {},
  number = {},
  series = {Lecture Notes in Computer Science 2335},
  month = may,
  note = {}
}

@INPROCEEDINGS{France01,
  author = {France, Robert B. and Bieman, James M.},
  title = {{Multi-View Software Evolution: a UML-Based Framework for Evolving Object-Oriented Software}},
  booktitle = {{Proceedings of 17th IEEE International Conference on Software Maintenance (ICSM 2001)}},
  year = 2001,
  editor = {Canfora, Gerardo and Amschler Andrews, Anneliese},
  pages = {386--397},
  address = {Florence, Italy},
  organization = {},
  publisher = {IEEE Computer Society},
  volume = {},
  number = {},
  series = {},
  month = nov,
  note = {}
}

@ARTICLE{Salehie09,
  author = {Salehie, Mazeiar and Tahvildari, Ladan},
  title = {{Self-Adaptive Software: Landscape and Research Challenges}},
  journal = {{ACM Transactions on Autonomous and Adaptive Systems}},
  year = 2009,
  volume = 4,
  number = 2,
  pages = {14:1--14:42},
  month = may,
  note = {}
}

@INCOLLECTION{Black06,
  author = {Black, Sue},
  title = {{The Role of Ripple Effect in Software Evolution}},
  booktitle = {{Software Evolution and Feedback}},
  publisher = {John Wiley \& Sons, Ltd},
  year = 2006,
  chapter = 12,
  pages = {249--268},
  address = {},
  editor = {Madhavji, Nazim H and Fern\'andez-Ramil, Juan C. and Perry, Dewayne E.},
  volume = {},
  number = {},
  series = {},
  type = {},
  edition = {},
  month = jun,
  note = {}
}

@INPROCEEDINGS{VanGorp03,
  author = {Van Gorp, Pieter and Stenten, Hans and Mens, Tom and Demeyer, Serge},
  title = {{Enabling and Using UML for Model Driven Refactoring}},
  booktitle = {Proceedings of the 4th International Workshop on OO Reengineering},
  year = 2003,
  editor = {Demeyer, Serge and Ducasse, St\'ephane and Mens, Kim},
  pages = {37--40},
  address = {Darmastadt, Germany},
  organization = {},
  publisher = {Universiteit Antwerpen},
  volume = {},
  number = {},
  series = {},
  month = jul,
  note = {}
}

@INPROCEEDINGS{Assmann03,
  author = {A{\ss}mann, Uwe},
  title = {{Automatic Roundtrip Engineering}},
  booktitle = {{Proceedings of the ETAPS Workshop on Software Composition (SC'03)}},
  year = 2003,
  editor = {A{\ss}mann, Uwe and Pulvermueller, Elke and Borne, Isabelle and Bouraqadi-Sa\^{a}dani, Noury M. and Cointe, Pierre},
  pages = {},
  address = {Warsaw, Poland},
  organization = {},
  publisher = {Elsevier},
  volume = 82,
  number = 5,
  series = {Electronic Notes in Theoretical Computer Science},
  month = apr,
  note = {}
}

@BOOK{Arnold92,
  author = {Arnold, Robert S.},
  title = {{Software Reengineering}},
  publisher = {IEEE Computer Society},
  year = 1992,
  address = {},
  edition = {},
  volume = {},
  number = {},
  series = {},
  month = {},
  note = {}
}

@INPROCEEDINGS{VanDerStraeten03,
  author = {van der Straeten, Ragnhild and Tom Mens and Jocelyn Simmonds and Viviane Jonckers},
  title = {{Using Description Logic to Maintain Consistency between UML Models}},
  booktitle = {{Proceedings of the 6th International Conference on the Unified Modeling Language (\stereotype{UML'03})}},
  publisher = {Springer},
  editor = {Perdita Stevens and Jon Whittle and Grady Booch},
  series = {Lecture Notes in Computer Science 2863},
  volume = {},
  month = oct,
  address = {San Francisco, CA, USA},
  year = 2003,
  pages = {326--340}
}

@INPROCEEDINGS{Mehner02,
  author = {Katharina Mehner},
  title = {{JaVis: A UML-Based Visualization and Debugging Environment for Concurrent Java Programs}},
  booktitle = {Revised Lectures on Software Visualization, International Seminar},
  pages = {163--175},
  address = {Dagstuhl Castle, Germany},
  publisher = {Springer},
  series = {Lecture Notes in Computer Science 2269},
  volume = {},
  year = 2002
}

@MISC{OMG01,
  author = {{OMG}},
  title = {{Unified Modeling Language (UML) Specification version 1.4 (Draft)}},
  howpublished = {OMG Document ad/01-02-13},
  editor = {},
  month = feb,
  year = 2001,
  pages = {}
}

@MISC{OMG05,
  author = {{OMG}},
  title = {{Unified Modeling Language: Diagram Interchange version 2.0)}},
  howpublished = {OMG Document ptc/05-06-04},
  editor = {},
  month = jun,
  year = 2005,
  pages = {}
}

@ARTICLE{Chiorean04,
  author = {Dan Chiorean and Mihai Pa\c{s}ca and Adrian C{\^a}rcu and Cristian Botiza and Sorin Moldovan},
  title = {{Ensuring UML Models Consistency Using the OCL Environment}},
  journal = {Electronic Notes Theoretical Computer Science},
  volume = 102,
  year = 2004,
  pages = {99--110}
}

@INPROCEEDINGS{Sunye01,
  author = {Gerson Suny{\'e} and Damien Pollet and Le Traon, Yves and Jean-Marc J{\'e}z{\'e}quel},
  title = {{Refactoring UML Models}},
  booktitle = {{Proceedings of the 4th International Conference on the Unified Modeling Language (\stereotype{UML'01})}},
  year = 2001,
  series = {Lecture Notes in Computer Science 2185},
  editor = {Gogolla, Martin and Kobryn, Cris},
  address = {Toronto, Ontario, Canada},
  pages = {134--148}
}

@INPROCEEDINGS{Lehman96,
  author = {Lehman, Meir M.},
  title = {{Laws of Software Evolution Revisited}},
  booktitle = {{Proceedings of the 5th European Workshop on Software Process Technology (EWSPT'96)}},
  year = 1996,
  editor = {Montangero, Carlo},
  pages = {108--124},
  address = {Nancy, France},
  organization = {},
  publisher = {Springer},
  volume = {},
  number = {},
  series = {Lecture Notes in Computer Science 1149},
  month = oct,
  note = {}
}

@ARTICLE{Rumbaugh97,
  author = {Rumbaugh, James E.},
  title = {Modeling through the Years},
  journal = {{Journal of Object-Oriented Programming}},
  year = 1997,
  volume = 10,
  number = 4,
  pages = {16--19},
  month = jul#"-"#aug,
  note = {}
}

@ARTICLE{Lehman80,
  author = {Lehman, Meir M.},
  title = {{Programs, Life Cycles, and Laws of Software Evolution}},
  journal = {{Proceedings of the IEEE}},
  year = 1980,
  volume = 68,
  number = 9,
  pages = {1060--1076},
  month = sep,
  note = {Special Issue on Software Engineering}
}

@ARTICLE{Lehman02,
  author = {Lehman, Meir M. and Goel Kahen and Fern\'andez-Ramil, Juan C.},
  title = {{Behavioural Modelling of Long-Lived Evolution Processes - Some Issues and an Example}},
  journal = {Journal of Software Maintenance and Evolution},
  volume = 14,
  number = 5,
  month = sep # "/" # oct,
  publisher = {John Wiley \& Sons, Inc.},
  year = 2002,
  pages = {335--351}
}

@ARTICLE{Lehman03,
  author = {Lehman, Meir M. and Fern\'ndez-Ramil, Juan C.},
  title = {{Software Evolution - Background, Theory, Practice}},
  journal = {Information Processing Letters},
  volume = 88,
  number = {1--2},
  year = 2003,
  month = nov,
  pages = {33--44}
}

@TECHREPORT{Lehman01,
  author = {Lehman, Meir M. and Fern\'andez-Ramil, Juan C. and Goel Kahen},
  title = {{A Paradigm for the Behavioural Modelling of Software Processes using System Dynamics}},
  institution = {Imperial College, Department of Computing},
  year = 2001,
  type = {Technical Report},
  number = {2001/8},
  address = {London, United Kingdom},
  month = sep,
  note = {}
}

@INPROCEEDINGS{Yoder02,
  author = {Yoder, Joseph W. and Johnson, Ralph E.},
  title = {{The Adaptive Object-Model Architectural Style}},
  editor = {Jan Bosch and Gentleman, W. Morven and Christine Hofmeister and Juha Kuusela},
  booktitle = {Proceedings of the 3rd Working IEEE/IFIP Conference on Software Architecture (WICSA'02)},
  year = 2002,
  pages = {3--27},
  publisher = {Kluwer},
  month = aug,
  series = {IFIP Conference Proceedings},
  volume = 224
}

@INPROCEEDINGS{Ghoneim05,
  author = {Ahmed Ghoneim and Sven Apel and Gunter Saake},
  title = {{Evolutionary Software Life Cycle for Self-Adapting Software Systems}},
  editor = {Chin-Sheng Chen and Joaquim Filipe and Isabel Seruca and Jos{\'e} Cordeiro},
  booktitle = {Proceedings of the 7th International Conference on Enterprise Information Systems (ICEIS'05)},
  address = {Miami, Florida, USA},
  month = may,
  year = 2005,
  pages = {211--216}
}

@INPROCEEDINGS{Torchiano05,
  author = {Torchiano, Marco and Ricca, Filippo and Tonella, Paolo},
  title = {{A Comparative Study on the Re-Documentation of Existing Software: Code Annotations vs.~Drawing Editors}},
  booktitle = {{Proceedings of the 4th International Symposium on Empirical Software Engineering (ISESE'05)}},
  year = 2005,
  editor = {},
  pages = {277--286},
  address = {Noosa Heads, Australia},
  organization = {},
  publisher = {},
  volume = {},
  number = {},
  series = {},
  month = nov,
  note = {}
}

@INPROCEEDINGS{Frohlich05,
  author = {Fr{\"o}hlich, Nadine and Paul, Georg},
  title = {{Lightweight Generation of User Interfaces}},
  booktitle = {{Proceedings of the 2nd International Scientific Conference on Computer Science}},
  year = 2005,
  editor = {},
  pages = {},
  address = {Chalkidiki, Greece},
  organization = {},
  publisher = {},
  volume = {},
  number = {},
  series = {},
  month = sep,
  note = {}
}

@INPROCEEDINGS{Tonella01,
  author = {Tonella, Paolo and Potrich, Alessandra},
  title = {{Reverse Engineering of the UML Class Diagram from C++ Code in Presence of Weakly Typed Containers}},
  booktitle = {{Proceedings of the 1st International Conference on Software Maintenance (ICSM'01)}},
  year = 2001,
  editor = {},
  pages = {376--385},
  address = {Florence, Italy},
  organization = {},
  publisher = {IEEE Press},
  volume = {},
  number = {},
  series = {},
  month = nov,
  note = {}
}

@BOOK{Tonella05,
  author = {Tonella, Paolo and Potrich, Alessandra},
  editor = {},
  title = {{Reverse Engineering of Object Oriented Code}},
  publisher = {Springer},
  year = 2005,
  address = {},
  edition = {},
  volume = {},
  number = {},
  series = {Monographs in Computer Science},
  month = {},
  note = {}
}

@ARTICLE{Rossetti99,
  author = {Fernandes Rossetti, Rosaldo Jos\'e and Bampi, Sergio},
  title = {{A Software Environment to Integrate Urban Traffic Simulation Tasks}},
  journal = {Journal of Geographic Information and Decision Analysis},
  year = 1999,
  volume = 3,
  number = 1,
  pages = {56--63},
  month = {},
  note = {}
}

@MISC{Argo05,
  author = {{ArgoUML}},
  title = {{ArgoUML 0.16.1}},
  howpublished = {http://argouml.tigris.org/},
  editor = {},
  month = mar,
  year = 2005,
  pages = {}
}

@ARTICLE{Mens06a,
  author = {Kim Mens and Andy Kellens and Fr\'{e}d\'{e}ric Pluquet and Roel Wuyts},
  title = {{Co-evolving Code and Design Using Intensional Views - A Case Study}},
  journal = {Journal of Computer Languages, Systems and Structures},
  pages = {140--156},
  publisher = {Elsevier Science},
  volume = 32,
  number = 2,
  month = jul#"/"#oct,
  year = 2006
}

@INPROCEEDINGS{Mens05,
  author = {Mens, Tom and Wermelinger, Michel and Ducasse, St{\'e}phane and Demeyer, Serge and Hirschfeld, Robert and Jazayeri, Mehdi},
  title = {{Challenges in Software Evolution}},
  booktitle = {{Proceedings of the Eighth International Workshop on Principles of Software Evolution (IWPSE'05)}},
  year = 2005,
  editor = {},
  pages = {13--22},
  address = {Lisbon, Portugal},
  organization = {},
  publisher = {IEEE Press},
  volume = {},
  number = {},
  series = {},
  month = sep,
  note = {}
}

@ARTICLE{Seiter98,
  author = {Seiter, Linda M. and Palsberg, Jens and Lieberherr, Karl J.},
  title = {{Evolution of Object Behavior Using Context Relations}},
  journal = ieeese,
  year = 1998,
  pages = {79--92},
  month = jan,
  volume = 24,
  number = 1
}

@ARTICLE{Lientz78,
  author = {Lientz, Bennet P. and Swanson, E. Burton and Tompkins, Gail E.},
  title = {{Characteristics of Application Software Maintenance}},
  journal = cacm,
  volume = 21,
  number = 6,
  pages = {466--471},
  year = 1978,
  month = jun
}

@BOOK{Dijkstra82,
  author = {Dijkstra, Edsger Wybe},
  title = {{Selected Writings on Computing: A Personal Perspective}},
  publisher = {ACM Press},
  year = 1982,
  address = {},
  edition = {},
  volume = {},
  number = {},
  series = {},
  month = {},
  note = {},
  isbn = {0387906525}
}

@ARTICLE{Eshuis04,
  author = {Eshuis, Rik and Wieringa, Roel},
  title = {{Tool Support for Verifying UML Activity Diagrams}},
  journal = ieeese,
  volume = 30,
  number = 7,
  pages = {437--447},
  year = 2004,
  month = jul
}

@ARTICLE{Parnas71,
  author = {Parnas, David L.},
  title = {{Information Distribution Aspects of Design Methodology}},
  journal = {{Information Processing}},
  publisher = {{North-Holland Publishing}},
  year = 1971,
  volume = 71,
  number = {},
  pages = {339--344},
  month = {},
  note = {}
}

@ARTICLE{Parnas72,
  author = {Parnas, David L.},
  title = {{On the Criteria to Be Used in Decomposing Systems into Modules}},
  journal = cacm,
  year = 1972,
  volume = 15,
  number = 12,
  pages = {1053--1058},
  month = dec,
  note = {}
}

@ARTICLE{Mens04,
  author = {Mens, Tom and Tourw\'e, Tom},
  title = {{A Survey of Software Refactoring}},
  journal = ieeese,
  volume = 30,
  number = 2,
  pages = {126--139},
  year = 2004,
  month = feb
}

@ARTICLE{Pinter03,
  author = {Pint\'er, Gergely and Majzik, Istv\'an},
  title = {{Program Code Generation Based on UML Statechart Models}},
  journal = {{Periodica Polytechnica Electrical Engineering}},
  month = {},
  year = 2003,
  volume = 47,
  number = "3--4",
  pages = {187--204}
}

@INPROCEEDINGS{Kambhampati88,
  author = {Subbarao Kambhampati},
  title = {{Adaptation of Plans Via Annotation Verification}},
  editor = {},
  booktitle = {Proceedings of the 1st International Conference on Industrial and Engineering Applications of Artificial Intelligence and Expert Systems},
  number = {},
  series = {},
  year = 1988,
  address = {Tullahoma, Tennessee, USA},
  organization = {},
  publisher = {},
  pages = {164--170},
  month = {},
  note = {}
}

@INPROCEEDINGS{Burd01,
  author = {Burd, Liz and Rank, Stephen},
  title = {{Using Automated Source Code Analysis For Software Evolution}},
  editor = {},
  booktitle = {Proceedings of the 1st IEEE International Workshop on Source Code Analysis and Manipulation (SCAM 2001)},
  number = {},
  series = {},
  year = 2001,
  address = {Florence, Italy},
  organization = {},
  publisher = {},
  pages = {},
  month = nov,
  note = {}
}

@INCOLLECTION{Pierce95,
  author = {Pierce, Jim and Smith, Michael D. and Mudge, Trevor},
  title = {{Instrumentation Tools}},
  editor = {Finkelstein, Anthony},
  booktitle = {{Fast Simulation of Computer Architectures}},
  volume = {},
  series = {},
  publisher = {Kluwer Academic Publishers},
  address = {Boston, MA, USA},
  edition = {},
  month = {},
  year = 1995,
  type = {},
  chapter = 4,
  pages = {},
  note = {}
}

@ARTICLE{Bennett96,
  author = {Bennett, Keith H.},
  title = {{Software Evolution: Past, Present and Future}},
  journal = {{Information and Software Technology}},
  year = 1996,
  volume = 38,
  number = {},
  pages = {673--680},
  month = {},
  note = {}
}

@INCOLLECTION{Bennett2000,
  author = {Bennett, Keith H. and Rajlich, V\'{a}clav T.},
  title = {{Software Maintenance and Evolution: a Roadmap}},
  editor = {Finkelstein, Anthony},
  booktitle = {{The Future of Software Engineering}},
  volume = {},
  series = {},
  publisher = {ACM Press},
  address = {},
  edition = {},
  month = {},
  year = 2000,
  type = {},
  chapter = {},
  pages = {75--87},
  note = {}
}

@INPROCEEDINGS{Mens03b,
  author = {Tom Mens and Serge Demeyer and Du Bois, Bart and Hans Stenten and Van Gorp, Pieter},
  title = {{Refactoring: Current Research and Future Trends}},
  booktitle = {{Proceedings the 3rd Workshop on Language Descriptions, Tools and Applications (LDTA'03)}},
  editor = {Barrett Bryant and Jo{\~a}o Saraiva},
  month = apr,
  publisher = {Elsevier},
  series = {ENTCS 82},
  year = 2003,
  note = {}
}

@INPROCEEDINGS{CechPrevitali06,
  author = {\v{C}ech Previtali, Susanne and Gross, Thomas},
  title = {{Dynamic Updating of Software Systems Based on Aspects}},
  booktitle = {{Proceedings of the 22nd IEEE International Conference on Software Maintenance (ICSM'06)}},
  year = 2006,
  editor = {},
  pages = {83--92},
  address = {Philadelphia, USA},
  organization = {},
  publisher = {},
  volume = {},
  number = {},
  series = {},
  month = sep,
  note = {}
}

@INPROCEEDINGS{Barais04,
  author = {Barais, Olivier and Cariou, Eric and Duchien, Laurence and Pessemier, Nicolas and Seinturier, Lionel},
  title = {{TranSAT: A Framework for the specification of Software Architecture Evolution}},
  booktitle = {{Proceedings of the 1st ECOOP Workshop on Coordination and Adaptation Techniques for Software Entities (WCAT'04)}},
  year = 2004,
  editor = {},
  pages = {31--38},
  address = {Oslo, Norway},
  organization = {},
  publisher = {},
  volume = {},
  number = {},
  series = {},
  month = jun,
  note = {}
}

@ARTICLE{Buckley05,
  author = {Buckley, Jim and Mens, Tom and Zenger, Matthias and Rashid, Awais and Kniesel, G\"unter},
  title = {{Towards a Taxonomy of Software Change}},
  journal = {{Journal of Software Maintenance and Evolution: Research and Practice}},
  publisher = {{John Wiley \& Sons, Ltd}},
  year = 2005,
  volume = 17,
  number = 5,
  pages = {309--332},
  month = sep,
  note = {}
}

@ARTICLE{Chapin01,
  author = {Chapin, Ned and Hale, Joanne E. and Khan, Khaled Md and Ramil, Juan F. and Tan Wui-Gee},
  title = {{Types of Software Evolution and Software Maintenance}},
  journal = {{Journal of Software Maintenance and Evolution: Research and Practice}},
  publisher = {{John Wiley \& Sons, Ltd}},
  year = 2001,
  volume = 13,
  number = 1,
  pages = {3--30},
  month = feb,
  note = {}
}

@INPROCEEDINGS{Mens03,
  author = {Tom Mens and Jim Buckley and Matthias Zenger and Awais Rashid},
  title = {{Towards a Taxonomy of Software Evolution}},
  editor = {},
  booktitle = {Proceedings of the 2nd International Workshop on Unanticipated Software Evolution (USE 2003)},
  number = {},
  series = {},
  year = 2003,
  address = {Warsaw, Poland},
  organization = {},
  publisher = {},
  pages = {},
  month = apr,
  note = {}
}

@INPROCEEDINGS{Felici03,
  author = {Massimo Felici},
  title = {{Taxonomy of Evolution and Dependability}},
  editor = {},
  booktitle = {Proceedings of the 2nd International Workshop on Unanticipated Software Evolution (USE 2003)},
  number = {},
  series = {},
  year = 2003,
  address = {Warsaw, Poland},
  organization = {},
  publisher = {},
  pages = {},
  month = apr,
  note = {}
}

@MANUAL{Boger00,
  title = {{Poseidon for UML Users Guide}},
  author = {Marko Boger and Thorsten Sturm and Erich Schildhauer},
  organization = {Gentleware AG},
  address = {Vogt-K{\"{o}}lln-Str. 30, D-22527 Hamburg, Germany},
  edition = {},
  month = {},
  year = 2000
}

@INPROCEEDINGS{Bailey02,
  author = {James Bailey and Alexandra Poulovassilis and Wood, Peter T.},
  title = {{An Event-Condition-Action Language for XML}},
  editor = {},
  booktitle = {Proceedings of the 11th International World Wide Web Conference, WWW2002},
  number = {},
  series = {},
  year = 2002,
  address = {Honolulu, Hawaii, USA},
  organization = {},
  publisher = {ACM Press},
  pages = {486--495},
  month = may,
  note = {}
}

@INPROCEEDINGS{Conrad95,
  author = {Stefan Conrad and Can T\"{u}rker},
  title = {{Prototyping Object Specifications Using Active Database Systems}},
  editor = {Harmanc{\i}, A. Emre and Gelenbe, Erol and {\"{O}}rencik, Bulent},
  booktitle = {Proceedings of the 10th International Symposium on Computer and Information Sciences (ISCIS X)},
  number = {},
  series = {Volume I},
  year = 1995,
  address = {Ku\c{s}adas\i, Turkey},
  organization = {},
  publisher = {},
  pages = {217--224},
  month = oct,
  note = {}
}

@BOOK{Cockburn01,
  author = {Alistair Cockburn},
  title = {{Agile Software Development}},
  volume = {},
  series = {},
  publisher = {Addison-Wesley},
  address = {},
  edition = {},
  month = oct,
  year = 2001,
  note = {},
}

@BOOK{Grose02,
  author = {Grose, Timothy J. and Doney, Gary C. and Brodsky Stephan A.},
  title = {{Mastering \textsf{XMI}: \textsf{Java} Programming with \textsf{XMI}, \textsf{XML}, and \textsf{UML}}},
  volume = {},
  series = {},
  publisher = {John Willy \& Sons, Inc.},
  address = {},
  edition = {},
  month = apr,
  year = 2002,
  note = {},
}

@INPROCEEDINGS{Riehle01,
  author = {Dirk Riehle and Steven Fraleigh and Dirk Bucka-Lassen and Nosa Omorogbe},
  title = {{The Architecture of a UML Virtual Machine}},
  editor = {Linda Northrop and John Vlissides},
  booktitle = {{Proceedings of the 2001 Conference on Object-Oriented Programming Systems, Languages, and Applications (\oopsla'01)}},
  year = 2001,
  address = {Tampa Bay, Florida, USA},
  series = {},
  volume = {},
  publisher = {ACM Press},
  pages = {327--341},
  month = oct
}

@ARTICLE{Kramer98,
  author = {Kramer, Jeff and Magee, Jeff},
  title = {{Analysing Dynamic Change in Distributed Software Architectures}},
  journal = {{IEEE Proceedings Software}},
  month = oct,
  year = 1998,
  volume = 145,
  number = 5,
  pages = {146--154}
}

@ARTICLE{Simhi97,
  author = {Shaul Simhi and Vered Gafni and Amiram Yehudai},
  title = {{Combining Reflection and Finite State Diagrams for Design Enforcement}},
  journal = tapos,
  month = {},
  year = 1997,
  volume = 2,
  number = 4,
  pages = {269--281}
}

@INPROCEEDINGS{Kovse02,
  author = {Jernej Kovse and Theo H\"arder},
  title = {{Generic XMI-Based UML Model Transformations}},
  editor = {Zohra Bellahs\'ene and Dilip Patel and Colette Rolland},
  booktitle = {{Proceedings of the 8th International Conference on Object-Oriented Information Systems (OOIS'02)}},
  year = 2002,
  address = {Montpellier, France},
  series = {Lecture Notes in Computer Science 2425},
  publisher = {Springer-Verlag},
  pages = {192--198},
  month = sep
}

@BOOK{Bassett96,
  author = {Paul Bassett},
  title = {{Framing Software Reuse: Lessons from the Real World}},
  publisher = {Prentice Hall},
  isbn = {0--13--327859-X},
  year = 1996
}

@BOOK{Warmer99,
  author = {Jos B. Warmer and Anneke G. Kleppe},
  title = {{The Object Constraint Language: Precise Modeling With UML}},
  publisher = {Addison-Wesley},
  year = 1999
}

@INPROCEEDINGS{Morin10,
  author = {Morin, Brice and Mouelhi, Tejeddine and Fleurey, Franck and Le Traon, Yves and Barais, Olivier and J\'ez\'equell, Jean-Marc},
  title = {{Security-Driven Model-Based Dynamic Adaptation}},
  booktitle = {{Proceedings of the IEEE/ACM International Conference on automated Software Engineering (ASE'10)}},
  year = 2010,
  editor = {},
  pages = {205--214},
  address = {Antwerp, Belgium},
  organization = {},
  publisher = {IEEE Computer Society},
  volume = {},
  number = {},
  series = {},
  month = jun,
  note = {}
}

@INBOOK{Rank00,
  author = {Rank, Stephen and Bennett, Keith and Glover, S.},
  editor = {},
  title = {{Flexx: Designing Software for Change through Evolvable Architectures}},
  chapter = 4,
  pages = {38--50},
  publisher = {},
  year = 2000,
  address = {},
  volume = {},
  number = {},
  series = {},
  type = {},
  edition = {},
  month = {},
  note = {}
}

@INPROCEEDINGS{Adorni08,
  author = {Adorni, Marzia and Micucci, Daniela and Tisato, Francesco},
  title = {{RA\textsuperscript{3}: Enabling Adaptivity Via a Reflective Architecture}},
  booktitle = {{Proceedings of the IASTED International Conference on Software Engineering (SE'08)}},
  year = 2008,
  editor = {},
  pages = {214--219},
  address = {},
  organization = {},
  publisher = {ACTA Press},
  volume = {},
  number = {},
  series = {},
  month = {},
  note = {}
}

@INPROCEEDINGS{Savigni2000a,
  author = {Andrea Savigni and Francesco Tisato},
  title = {{Real-Time Programming-in-the-Large}},
  booktitle = {Proceedings of ISORC 2000  The 3rd IEEE International Symposium on Object-oriented Real-time distributed Computing},
  pages = {352--359},
  month = mar,
  year = 2000,
  address = {Newport Beach, California, USA}
}

@INPROCEEDINGS{Savigni2000b,
  author = {Andrea Savigni and Filippo Cunsolo and Daniela Micucci and Francesco Tisato},
  title = {{ESCORT: Towards Integration in Intersection Control}},
  booktitle = {Proceedings of Rome Jubilee 2000 Conference (Workshop on the International Foundation for Production Research (IFPR) on Management of Industrial Logistic Systems -- 8$^{th}$ Meeting of the Euro Working Group Transportation - EWGT)},
  month = sep,
  year = 2000,
  address = {Roma, Italy}
}

@INPROCEEDINGS{Savigni2000c,
  author = {Andrea Savigni and Francesco Tisato},
  title = {{Designing Traffic Control Systems. A Software Engineering Perspective}},
  booktitle = {Proceedings of Rome Jubilee 2000 Conference (Workshop on the International Foundation for Production Research (IFPR) on Management of Industrial Logistic Systems -- 8$^{th}$ Meeting of the Euro Working Group Transportation - EWGT)},
  month = sep,
  year = 2000,
  address = {Roma, Italy}
}

@INPROCEEDINGS{Savigni2000d,
  author = {Andrea Savigni},
  title = {{RoleJ. A Role-Based Java Extension}},
  booktitle = {Proceedings of ECOOP 2000 (The 14$^{th}$ European Conference for Object-Oriented Programming)},
  address = {Cannes, France},
  month = jun,
  year = 2000,
  note = {Poster Section.}
}

@INPROCEEDINGS{Savigni99,
  author = {Savigni, Andrea and Tisato, Francesco},
  title = {{Kaleidoscope. A Reference Architecture for Monitoring and Control System}},
  booktitle = {{Proceedings of the First Working IFIP Conference on Software Architecture (WICSA1)}},
  year = 1999,
  editor = {Donohoe, Patrick},
  pages = {369--388},
  address = {San Antonio, TX, USA},
  organization = {},
  publisher = {Kluwer},
  volume = {},
  number = {},
  series = {},
  month = feb,
  note = {}
}

@ARTICLE{Papadopoulos98,
  author = {George A. Papadopoulos and Farhad Arbab},
  title = {{Coordination Models and Languages}},
  journal = {Advances in Computers},
  volume = 46,
  year = 1998
}

@ARTICLE{Arbab93,
  author = {Arbab, Farhad and Herman, Ivan and Spilling, Per},
  title = {{An Overview of Manifold and Its implementation}},
  journal = {Concurrency: Practice and Experience},
  month = feb,
  year = 1993,
  volume = 50,
  number = 1,
  pages = {23--70}
}

@ARTICLE{Prieto-Diaz87,
  author = {Prieto-D{\'\i}az, Rub\'en and Freeman, Peter},
  title = {{Classifying Software for Reusability}},
  journal = {{IEEE Software}},
  publisher = {IEEE},
  year = 1987,
  volume = 4,
  number = 1,
  pages = {6--16},
  month = jan,
  note = {}
}

@ARTICLE{Caldiera91,
  author = {Caldiera, Gianluigi and Basili, Victor R.},
  title = {{Identifying and Qualifying Reusable Software Components}},
  journal = {{IEEE Computer}},
  publisher = {IEEE},
  year = 1991,
  volume = 24,
  number = 2,
  pages = {61--70},
  month = feb,
  note = {}
}

@INPROCEEDINGS{Shapiro86,
  author = {Mark Shapiro},
  title = {{Structure and Encapsulation in Distributed Systems: The Proxy Principle}},
  booktitle = {Proceedings of the 6th International Conference on Distributed Computer Systems},
  year = 1986,
  pages = {198--204},
  address = {Cambridge, MA},
  month = may
}

@ARTICLE{Oreizy99,
  author = {Oreizy, Peyman and Gorlick, Michael M. and Taylor, Richard N. and Heimbigner, Dennis and Johnson, Gregory and Medvidovic, Nenad and Quilici, Alex and Rosenblum, David S. and Wolf, Alexander L.},
  title = {{An Architecture Based Approach to Self-Adaptive Software}},
  journal = {{IEEE Intelligent Systems}},
  year = 1999,
  volume = {},
  number = {},
  pages = {54--62},
  month = {},
  note = {}
}

@INPROCEEDINGS{Oreizy98,
  author = {Oreizy, Peyman and Medvidovic, Nenad and Taylor, Richard N.},
  title = {{Architecture-Based Runtime Software Evolution}},
  booktitle = {Proceedings of the 20th International Conference on Software Engineering (ICSE'98)},
  year = 1998,
  pages = {177--186},
  publisher = {IEEE Computer Society},
  address = {Kyoto, Japan},
  month = apr
}

@MISC{Batory2000,
  author = {Don Batory},
  title = {{\textrm{private communication}}},
  howpublished = {(For information on JTS see http://www.cs.utexas.edu/users/schwartz)},
  month = feb,
  year = 2000,
  pages = {},
  note = {},
}

@BOOK{Booch99,
  author = {Grady Booch and James Rumbaugh and Ivar Jacobson},
  title = {{The Unified Modeling Language User Guide}},
  volume = {},
  series = {Object Technology Series},
  publisher = {Addison-Wesley},
  address = {Reading, Massachusetts},
  edition = {third},
  month = feb,
  year = 1999,
  isbn = {0-201-57168-4},
  note = {},
}

@BOOK{Rumbaugh04,
  author = {Rumbaugh, James and Jacobson, James and Hussey, Kenneth},
  editor = {},
  title = {{The Unified Modeling Language Reference Manual}},
  publisher = {Pearson Higher Education},
  year = 2004,
  address = {Reading MA, USA},
  edition = {second},
  volume = {},
  number = {},
  series = {},
  month = {},
  note = {}
}

@BOOK{Fowler97,
  author = {Martin Fowler and Kendall Scott},
  title = {{UML Distilled: Applying the Standard Object Modeling Language}},
  publisher = {Addison-Wesley},
  address = {Reading, Massachusetts},
  isbn = {0-201-32563-2},
  year = 1997
}

@ARTICLE{Batory97,
  author = {Don Batory and Geraci, Bart J.},
  title = {{Composition Validation and Subjectivity in GenVoca Generators}},
  journal = {IEEE Transactions on Software Engineering (special issue on Software Reuse)},
  year = 1997,
  volume = {},
  pages = {67--82},
  month = feb,
  note = {}
}

@INPROCEEDINGS{Blaha96,
  author = {Blaha, Michael R.\ and Premerlani, William J.\ },
  title = {{A Catalog of Object Model Transformations}},
  booktitle = {{Proceedings of 3rd Working Conference on Reverse Engineering (WCRE'96)}},
  year = 1996,
  editor = {Wills, Linda and Baxter, Ira and Chikofsky, Elliot},
  pages = {87--96},
  address = {Monterey, CA, USA},
  organization = {},
  publisher = {IEEE Computer Society Press},
  volume = {},
  number = {},
  series = {},
  month = nov,
  note = {}
}

@BOOK{Rumbaugh91,
  author = {James Rumbaugh and Blaha, Michael R.\ and Premerlani, William J.\ and Frederick Eddy and William Lorensen},
  title = {{Object-Oriented Modeling and Design}},
  volume = {},
  series = {},
  publisher = {Prentice-Hall},
  address = {Englewood Cliffs, NJ},
  edition = {},
  month = {},
  year = 1991,
  isbn= {0-13-630054-5},
  note = {},
}

@INPROCEEDINGS{Jazayeri95,
  author = {Mehdi Jazayeri},
  title = {{Component Programming - a Fresh Look at Software Components}},
  editor = {Wilhelm Sch{\"a}fer and Pere Botella},
  booktitle = {{Proceedings of the 5th European Software Engineering Conference (ESEC'95)}},
  number = {},
  series = {Lecture Notes in Computer Science 989},
  year = 1995,
  address = {Barcelona, Spain},
  organization = {},
  publisher = {},
  pages = {457--478},
  month = sep,
  note = {}
}

@INPROCEEDINGS{Suzuki99,
  author = {Junichi Suzuki and Yoshikazu Yamamoto},
  title = {{Extending UML for Modeling Reflective Software Components}},
  editor = {Robert France and Bernhard Rumpe},
  booktitle = {{Lecture Notes in Computer Science}},
  number = 1723,
  series = {Proceedings of \stereotype{UML}'99 - The Unified Modeling Language: Beyond the Standard, the Second International Conference},
  year = 1999,
  address = {Fort Collins, CO, USA},
  organization = {},
  publisher = {Springer-Verlag},
  pages = {220--235},
  month = oct,
  note = {}
}

@INPROCEEDINGS{Holland92,
  author = {Ian M. Holland},
  title = {{Specifying Reusable Components Using Contracts}},
  editor = {Ole Lehrmann Madsen},
  booktitle = {{Lecture Notes in Computer Science}},
  number = 615,
  series = {Proceedings of the 6th European Conference on Object-Oriented Programming (\ecoop{'92})},
  year = 1992,
  address = {Utrecht, the Netherlands},
  organization = {},
  publisher = {Springer-Verlag},
  pages = {287--308},
  month = jul,
  note = {}
}

@INPROCEEDINGS{Helm90,
  author = {Helm, A. Richard and Holland, Ian M. and Gangopadhyay, Dipayan},
  title = {{Contracts: Specifying Behavioral Compositions in Ob\-ject-O\-ri\-ent\-ed Systems}},
  editor = {},
  booktitle = {{Proceedings of Object-Oriented Programming Systems, Languages, and Applications Conference}},
  number = {},
  series = {Special Issue of Sigplan Notices},
  year = 1990,
  address = {Ottawa, Canada},
  organization = {},
  publisher = {ACM Press},
  pages = {169--180},
  month = oct,
  note = {}
}

@INPROCEEDINGS{Kowalczykiewicz02,
  author = {Krzysztof Kowalczykiewicz and Dawid Weiss},
  title = {{Traceability: Taming Uncontrolled Change in Software Development}},
  booktitle = {{Proceedings of the IV KKIO Conference}},
  year = 2002,
  editor = {},
  pages = {},
  address = {Tarnowo Podg{\'o}rne, Poland},
  organization = {},
  publisher = {},
  volume = {},
  number = {},
  series = {},
  month = {},
  note = {}
}

@MANUAL{OMG-UML15,
  title = {{OMG Unified Modeling Language Specification}},
  organization = {{OMG Unified Modeling Language Specification}},
  address = {},
  author = {},
  edition = {},
  month = mar,
  year = 2003,
  note = {}
}

@INPROCEEDINGS{Marcus05,
  author = {Marcus, Andrian and Rajlich, V\'aclav and Buchta, Joseph and Petrenko, Maksym and Sergeyev, Andrey},
  title = {{Static Techniques for Concept Location in Object-Oriented Code}},
  booktitle = {{Proceedings of the 13th International Workshop on Program Comprehension (IWPC'05)}},
  year = 2005,
  editor = {},
  pages = {33--42},
  address = {St. Louis, Missouri, USA},
  organization = {},
  publisher = {IEEE},
  volume = {},
  number = {},
  series = {},
  month = may,
  note = {}
}

@ARTICLE{Wilde95,
  author = {Wilde, Norman and Scully, Michael C.},
  title = {{Software Reconnaissance: Mapping Program Features to Code}},
  journal = {{Journal of Software Maintenance and Evolution: Research and Practice}},
  year = 1995,
  volume = 7,
  number = 1,
  pages = {49--62},
  month = jan#"-"#feb,
  note = {}
}

@INPROCEEDINGS{Baresi08,
  author = {Baresi, Luciano and Guinea, Sam},
  title = {{A Dynamic and Reactive Approach to the Supervision of BPEL Processes}},
  booktitle = {{Proceedings of the 1st India Software Engineering Conference}},
  year = 2008,
  editor = {},
  pages = {39--48},
  address = {Hyderabad, India},
  organization = {},
  publisher = {},
  volume = {},
  number = {},
  series = {},
  month = feb,
  note = {}
}

@ARTICLE{Morin09,
  author = {Morin, Brice and Barais, Olivier and J{\'e}z{\'e}quel, Jean-Marc and Fleurey, Franck and Solberg, Arnor},
  title = {{Models@Run.time to Support Dynamic Adaptation}},
  journal = {{IEEE Computer}},
  year = 2009,
  volume = 42,
  number = 10,
  pages = {44--51},
  month = oct,
  note = {}
}

@INPROCEEDINGS{Vogel10,
  author = {Vogel, Thomas and Giese, Holger},
  title = {{Adaptation and Abstract Runtime Models}},
  booktitle = {{Proceedings of the ICSE Workshop on Software Engineering for Adaptive and Self-Managing Systems (SEAMS'10)}},
  year = 2010,
  editor = {},
  pages = {39--48},
  address = {Cape Town, South Africa},
  organization = {},
  publisher = {ACM},
  volume = {},
  number = {},
  series = {},
  month = may,
  note = {}
}

@ARTICLE{Georgas09,
  author = {Georgas, John C. and van der Hoek, Andr\'e and Taylor, Richard N.},
  title = {{Using Architectural Models to Manage and Visualize Runtime Adaptation}},
  journal = {{IEEE Computer}},
  year = 2009,
  volume = 42,
  number = 10,
  pages = {52--60},
  month = oct,
  note = {}
}

@ARTICLE{Apel09,
  author = {Apel, Sven and K\"astner, Christian},
  title = {{An Overview of Feature-Oriented Software Development}},
  journal = {{Journal of Object Technology}},
  year = 2009,
  volume = 8,
  number = 5,
  pages = {49--84},
  month = jul,
  note = {}
}

@ARTICLE{Krueger06,
  author = {Krueger, Charles W.},
  title = {{New Methods in Software Product Line Practice}},
  journal = cacm,
  year = 2006,
  volume = 49,
  number = 12,
  pages = {37--40},
  month = dec,
  note = {}
}

@ARTICLE{Kaur09,
  author = {Kaur, Arvinder and Johari, Kalpana},
  title = {{Identification of Crosscutting Concerns: A Survey}},
  journal = {{International Journal of Engineering Science and Technology}},
  year = 2009,
  volume = 1,
  number = 3,
  pages = {166--172},
  month = dec,
  note = {}
}

@ARTICLE{Pearce07,
  author = {Pearce, David J. and Webster, Matthew and Berry, Robert and Kelly, Paul H. J.},
  title = {{Profiling with AspectJ}},
  journal = {{Software---Practice and Experience}},
  year = 2007,
  volume = 37,
  number = 7,
  pages = {747--777},
  month = jun,
  note = {}
}

@ARTICLE{Robillard07b,
  author = {Robillard, Martin P. and Murphy, Gail C.},
  title = {{Representing Concerns in Source Code}},
  journal = {{ACM Transactions on Software Engineering and Methodology}},
  year = 2007,
  volume = 16,
  number = 1,
  pages = {},
  month = feb,
  note = {}
}

@ARTICLE{Marin07,
  author = {Marin, Marius and Van Deursen, Arie and Moonen, leon},
  title = {{Identifying Crosscutting Concerns Using Fan-In Analysis}},
  journal = {{ACM Transactions on Software Engineering and Methodology}},
  year = 2007,
  volume = 17,
  number = 1,
  pages = {},
  month = dec,
  note = {}
}

@INPROCEEDINGS{Giese06,
  author = {Giese, Holger and Tichy, Matthias},
  title = {{Component-Based Hazard Analysis: Optimal Designs, Product Lines, and Online-Reconfiguration}},
  booktitle = {{Proceedings of the 25th International Conference on Computer Safety, Reliability, and Security (SAFECOMP'06)}},
  year = 2006,
  editor = {G\'orski, Janusz},
  pages = {156--169},
  address = {Gdansk, Poland},
  organization = {},
  publisher = {Springer},
  volume = {},
  number = {},
  series = {Lecture Notes in Computer Science 4166},
  month = sep,
  note = {}
}

@BOOK{Mellor02,
  author = {Mellor, Stephen J. and Balcer, Marc J.},
  editor = {},
  title = {{Executable UML: A Foundation for Model-Driven Architecture}},
  publisher = {{Addison Wesley}},
  year = 2002,
  address = {},
  edition = {},
  volume = {},
  number = {},
  series = {},
  month = may,
  note = {}
}

@ARTICLE{Kell08,
  author = {Kell, Stephen},
  title = {{A Survey of Practical Software Adaptation Techniques}},
  journal = {{Journal of Universal Computer Science}},
  year = 2008,
  volume = 14,
  number = 13,
  pages = {2110--2157},
  month = jul,
  note = {}
}

@INPROCEEDINGS{Durelli13,
  author = {Serapilha Durelli, Rafael and San Mart{\'\i}n Santib{\'a}{\~n}ez, Daniel and Anquetil, Nicolas and Delamaro, M\'arcio Eduardo and Vieira de Camargo, Valter},
  title = {{A Systematic Review on Mining Techniques for Crosscutting Concerns}},
  booktitle = {{Proceedings of the 28th Annual ACM Symposium on Applied Computing (SAC'13)}},
  year = 2013,
  editor = {},
  pages = {1080--1087},
  address = {Coimbra, Portugal},
  organization = {},
  publisher = {ACM Press},
  volume = {},
  number = {},
  series = {},
  month = mar,
  note = {}
}

@INPROCEEDINGS{Zhang08,
  author = {Zhang, Danfeng and Guo, Yao and Chen, Xiangqun},
  title = {{Automated Aspect Recommendation through Clustering-Based Fan-In Analysis}},
  booktitle = {{Proceedings of the 23rd IEEE/ACM International Conference on Automated Software Engineering (ASE'08)}},
  year = 2008,
  editor = {Ireland, Andrew and Visser, Willem},
  pages = {278--287},
  address = {L'Aquila, Italy},
  organization = {},
  publisher = {IEEE},
  volume = {},
  number = {},
  series = {},
  month = sep,
  note = {}
}

@INPROCEEDINGS{Shepherd05,
  author = {Shepherd, David and Pollock, Lori and Tourw\'e, Tom},
  title = {{Using Language Clues to Discover Crosscutting Concerns}},
  booktitle = {{Proceedings of the Workshop on Modeling and Analysis of Concerns in Software (MACS'05)}},
  year = 2005,
  editor = {},
  pages = {1--6},
  address = {St. Louis, Missouri, USA},
  organization = {},
  publisher = {IEEE},
  volume = {},
  number = {},
  series = {},
  month = may,
  note = {}
}

@ARTICLE{Bruntink05b,
  author = {Bruntink, Magiel and van Deursen, Arie and van Engelen, Remco and Tourw\'e, Tom},
  title = {{On the Use of Clone Detection for Identifying Crosscutting Concern Code}},
  journal = ieeese,
  year = 2005,
  volume = 31,
  number = 10,
  pages = {804--818},
  month = oct,
  note = {}
}

@MANUAL{Anders10,
  title = {{Model Simulation in Rational System Architect: Activity Simulation}},
  organization = {IBM},
  address = {},
  author = {Anders, Ek},
  edition = {},
  month = {},
  year = 2010,
  note = {}
}

@BOOK{Arnold96,
  author = {Arnold, Robert and Bohner, Shawn},
  editor = {},
  title = {{Software Change Impact Analysis}},
  publisher = {{IEEE Computer Society Press}},
  year = 1996,
  address = {},
  edition = {},
  volume = {},
  number = {},
  series = {},
  month = jun,
  note = {}
}

@BOOK{Lientz80,
  author = {Lientz, Bennet P. and Swanson, E. Burton},
  editor = {},
  title = {{Software Maintenance Management: A Study of the Maintenance of Computer Application Software in 487 Data Proessing Organizations}},
  publisher = {{Addison-Wesley}},
  year = 1980,
  address = {},
  edition = {},
  volume = {},
  number = {},
  series = {},
  month = aug,
  note = {}
}

@INPROCEEDINGS{Rajlich97,
  author = {Rajlich, V\'{a}clav T.},
  title = {{A Model for Change Propagation Based on Graph Rewriting}},
  booktitle = {{Proceedings of the International Conference on Software Maintenance (SM'97)}},
  year = 1997,
  editor = {Ghezzi, Carlo},
  pages = {84--91},
  address = {Bari, Italy},
  organization = {},
  publisher = {IEEE},
  volume = {},
  number = {},
  series = {},
  month = oct,
  note = {}
}

@INCOLLECTION{Canfora01,
  author = {Canfora, Gerardo and Cimitile, Aniello},
  title = {{Software Maintenance}},
  booktitle = {{Handbook of Software Engineering and Knowledge Engineering}},
  publisher = {{World Scientific}},
  year = 2001,
  chapter = {},
  pages = {15--20},
  address = {River Edge NJ},
  editor = {Chang, Shi-Kuo},
  volume = {I},
  number = {},
  series = {},
  type = {},
  edition = {},
  month = {},
  note = {}
}

@ARTICLE{Hovemeyer04,
  author = {Hovemeyer, David and Pugh, William},
  title = {{Finding Bugs Is Easy}},
  journal = {{ACM Sigplan Notices}},
  year = 2004,
  volume = 39,
  number = 12,
  pages = {92--106},
  month = dec,
  note = {}
}

@INPROCEEDINGS{Artho01,
  author = {Artho, Cyrille and Biere, Armin},
  title = {{Applying Static Analysis to Large-Scale, Multi-Threaded Java Programs}},
  booktitle = {{Proceedings of the 13th Australian Software Engineering Conference (ASWEC 2001)}},
  year = 2001,
  editor = {Grant, Doug},
  pages = {68--75},
  address = {Canberra, Australia},
  organization = {},
  publisher = {IEEE},
  volume = {},
  number = {},
  series = {},
  month = aug,
  note = {}
}

@ARTICLE{Pawlak15,
  author = {Pawlak, Renaud and Monperrus, Martin and Petitprez, Nicolas and Noguera, Carlos and Seinturier, Lionel},
  title = {{SPOON: A Library for Implementing Analyses and Transformations of Java Source Code}},
  journal = {{Software---Practice and Experience}},
  publisher = {{John Wiley and Sons Ltd.}},
  year = 2015,
  volume = {},
  number = {},
  pages = {},
  month = {},
  note = {}
}

@INPROCEEDINGS{Klint09,
  author = {Klint, Paul and van der Storm, Tijs and Vinju, Jurgen},
  title = {{EASY Meta-Programming with Rascal}},
  booktitle = {{Proceedings of the International Summer School on Generative and Transformational Techniques in Software Engineering III (GTTSE'09)}},
  year = 2009,
  editor = {Fernandes, Jo{\~a}o M. and L\"ammel, Ralf and Visser, Joost and Saraiva, Jo{\~a}o},
  pages = {222--289},
  address = {Braga, Portugal},
  organization = {},
  publisher = {Springer},
  volume = {},
  number = {},
  series = {Lecture Notes in Computer Science 6491},
  month = jul,
  note = {}
}

@INPROCEEDINGS{Falleri14,
  author = {Falleri, Jean-R\'emi and Morandat, Flor\'eal and Blanc, Xavier and Martinez, Matias and Monperrus, Martin},
  title = {{Fine-Grained and Accurate Source Code Differencing}},
  booktitle = {{Proceedings of the 29th ACM/IEEE International Conference on Automated Software Engineering (ASE'14)}},
  year = 2014,
  editor = {Chechik, Marsha and Gr\"unbacher, Paul},
  pages = {313--324},
  address = {V\"aster{\aa}s, Sweden},
  organization = {},
  publisher = {IEEE},
  volume = {},
  number = {},
  series = {},
  month = sep,
  note = {}
}

@ARTICLE{Gall09,
  author = {Gall, Harald C. and Fluri, Beat and Pinzger, Martin},
  title = {{Change Analysis with Evolizer and ChangeDistiller}},
  journal = {{IEEE Software}},
  year = 2009,
  volume = 26,
  number = 1,
  pages = {26--33},
  month = jan#"-"#feb,
  note = {}
}

@INPROCEEDINGS{Rutar04,
  author = {Rutar, Nick and Almazan, Christian B. and Foster, Jeffrey S.},
  title = {{A Comparison of Bug Finding Tools for Java}},
  booktitle = {{Proceedings of the 15th International Symposium on Software Reliability Engineering (ISSRE'04)}},
  year = 2004,
  editor = {Briand, Lionel and Voas, Jeffrey},
  pages = {245--256},
  address = {Saint-Malo, France},
  organization = {},
  publisher = {IEEE},
  volume = {},
  number = {},
  series = {},
  month = nov,
  note = {}
}

@ARTICLE{Micskei11,
  author = {Mickskei, Zolt\'an and Waeselynck, H\'el\`ene},
  title = {{The Many Meanings of UML 2 Sequence Diagrams: A Survey}},
  journal = {{Software \& Systems Modeling}},
  publisher = {Springer},
  year = 2011,
  volume = 10,
  number = 4,
  pages = {489--514},
  month = oct,
  note = {}
}

@MANUAL{Tessier10,
  title = {{The Dependency Finder User Manual}},
  organization = {Directly},
  address = {San Fransisco, CA, USA},
  author = {Tessier, Jean},
  edition = {1.2.1-$\beta$4},
  month = {},
  year = 2010,
  note = {}
}

@INPROCEEDINGS{Grati10,
  author = {Grati, Hassen and Sahraoui, Houari and Poulin, Pierre},
  title = {{Extracting Sequence Diagrams from Execution Traces Using Interactive Visualization}},
  booktitle = {{Proceedings of the 17th Working Conference on Reverse Engineering (WCRE'10)}},
  year = 2010,
  editor = {Antoniol, Giuliano and Pinzger, Martin and Chikofsky, Elliot J.},
  pages = {87--96},
  address = {Beverly, MA, USA},
  organization = {},
  publisher = {IEEE},
  volume = {},
  number = {},
  series = {},
  month = oct,
  note = {}
}

@INPROCEEDINGS{Korshunova06,
  author = {Korshunova, Elena and Petkovi\'c, Marija and van den Brand, Mark G. J. and Mousavi, Mohammad Reza},
  title = {{CPP2XMI: Reverse Engineering of UML Class, Sequence, and Activity Diagrams from C++ Source Code}},
  booktitle = {{Proceedings of the 13th Working Conference on Reverse Engineering (WCRE'06)}},
  year = 2006,
  editor = {Ellott Sim, Susan and Di Penta, Massimiliano},
  pages = {297--298},
  address = {Benevento, Italy},
  organization = {},
  publisher = {IEEE},
  volume = {},
  number = {},
  series = {},
  month = oct,
  note = {}
}

@INPROCEEDINGS{Ziadi11,
  author = {Ziadi, Tewfik and Almeida da Silva, Marcos Aur\'elio and Hillah, Lom Messan and Ziane, Mikal},
  title = {{A Fully Dynamic Approach to the Reverse Engineering of UML Sequence Diagrams}},
  booktitle = {{Proceedings of the 16th IEEE International Conference on Engineering of Complex Computer Systems (ICECCS'11)}},
  year = 2011,
  editor = {Breitman, Karin and Perseil, Isabelle},
  pages = {107--116},
  address = {Las Vegas, NV, USA},
  organization = {},
  publisher = {IEEE},
  volume = {},
  number = {},
  series = {},
  month = apr,
  note = {}
}

@ARTICLE{Briand06,
  author = {Briand, Lionel C. and Labiche, Yvan and Leduc, Johanne},
  title = {{Toward the Reverse Engineering of UML Sequence Diagrams for Distributed Java Software}},
  journal = ieeese,
  publisher = {IEEE},
  year = 2006,
  volume = 32,
  number = 9,
  pages = {642--663},
  month = sep,
  note = {}
}

@INPROCEEDINGS{Canfora07,
  author = {Canfora, Gerardo and Di Penta, Massimiliano},
  title = {{New Frontiers of Reverse Engineering}},
  booktitle = {{Proceedings of the Future of Software Enginnering (FOSE'07)}},
  year = 2007,
  editor = {Briand, Lionel C. and Wolf, Alexander L.},
  pages = {326--341},
  address = {Minneapolis, MN, USA},
  organization = {},
  publisher = {IEEE},
  volume = {},
  number = {},
  series = {},
  month = may,
  note = {}
}

@INPROCEEDINGS{Jezequel09,
  author = {J\'ez\'equel, Jean-Marc and Barais, Olivier and Fleurey, Franck},
  title = {{Model-Driven Language Engineering with Kermeta}},
  booktitle = {{Proceedings of the International Summer School on Generative and Transformational Techniques in Software Engineering III (GTTSE'09)}},
  year = 2009,
  editor = {Fernandes, Jo{\~a}o M. and L\"ammel, Ralf and Visser, Joost and Saraiva, Jo{\~a}o},
  pages = {201--221},
  address = {Braga, Portugal},
  organization = {},
  publisher = {Springer},
  volume = {},
  number = {},
  series = {Lecture Notes in Computer Science 6491},
  month = jul,
  note = {}
}

@INPROCEEDINGS{Dean95,
  author = {Dean, Jeffrey and Grove, David and Chambers, Craig},
  title = {{Optimization of Object-Oriented Programs Using Static Class Hierarchy Analysis}},
  booktitle = {{Proceedings of the 9th European Conference on Object-Oriented Programming (ECOOP'95)}},
  year = 1995,
  editor = {Olthoff, Walter G.},
  pages = {77--101},
  address = {\r{A}arhus, Denmark},
  organization = {},
  publisher = {Springer},
  volume = {},
  number = {},
  series = {Lecture Notes in Computer Science 952},
  month = aug,
  note = {}
}

@ARTICLE{MensK02,
  author = {Mens, Kim and Michiels, Isabel and Wuyts, Roel},
  title = {{Supporting Software Development through Declaratively Codified Programming Patterns}},
  journal = {{Expert Systems with Applications}},
  publisher = {Elsevier},
  year = 2002,
  volume = 23,
  number = 4,
  pages = {405--413},
  month = nov,
  note = {}
}

@ARTICLE{Hsia97,
  author = {Hsia, Pei and Li, Xiaolin and Kung, David Chen-Ho and Hsu, Chih-Tung and Li, Liang and Toyoshima, Yasufumi and Chen, Criss},
  title = {{A Technique for the Selective Revalidation of OO Software}},
  journal = {{Journal of Software: Evolution and Process}},
  publisher = {Wiley and Son},
  year = 1997,
  volume = 9,
  number = 4,
  pages = {217--233},
  month = jul,
  note = {}
}

@ARTICLE{Yenigun14,
  author = {Yenig\"un, H\"usn\"u},
  title = {{Identifying the Effects of Modifications as Data Dependencies}},
  journal = {{Software Quality Journal}},
  publisher = {Springer},
  year = 2014,
  volume = 22,
  number = 4,
  pages = {701--716},
  month = dec,
  note = {}
}

@INPROCEEDINGS{Whittle00,
  author = {Whittle, Jon and Schumann, Johann},
  title = {{Generating Statechart Designs from Scenarios}},
  booktitle = {{Proceedings of the 22nd International Conference on Software Engineering (ICSE'00)}},
  year = 2000,
  editor = {Ghezzi, Carlo and Jazayeri, Mehdi and Wolf, Alexander L.},
  pages = {314--323},
  address = {Limerick, Ireland},
  organization = {},
  publisher = {IEEE},
  volume = {},
  number = {},
  series = {},
  month = jun,
  note = {}
}

@INPROCEEDINGS{Widl12,
  author = {Widl, Magdalena and Biere, Armin and Brosch, Petra and Egly, Uwe and Heule, Marijn and Kappel, Gerti and Seidl, Martina and Tompits, Hans},
  title = {{Guided Merging of Sequence Diagrams}},
  booktitle = {{Proceedings of 5th International Conference on Software Language Engineering (SLE'12)}},
  year = 2012,
  editor = {Czarnecki, Krysztof and Hedin, G\"orel},
  pages = {164--183},
  address = {Dresden, Germany},
  organization = {},
  publisher = {Springer},
  volume = {},
  number = {},
  series = {Lecture Notes in Computer Science 7745},
  month = sep,
  note = {}
}

@INPROCEEDINGS{France07b,
  author = {France, Robert B. and Fleurey, Franck and Reddy, Y. Raghu and Baudry, Beno{\^{\i}}t and Ghosh, Sudipto},
  title = {{Providing Support for Model Composition in Metamodels}},
  booktitle = {{Proceeddings of the 11th IEEE International Conference on Enterprise Distributed Object Computing Conference (EDOC'07)}},
  year = 2007,
  editor = {Spies, Marcus and Blake, M. Brian},
  pages = {253--266},
  address = {Annapolis, MD, USA},
  organization = {},
  publisher = {},
  volume = {},
  number = {},
  series = {},
  month = oct,
  note = {}
}

@INPROCEEDINGS{Collard13,
  author = {Collard, Michael and Decker, Michael John and Maletic, Jonathan I.},
  title = {{srcML: An Infrastructure for the Exploration, Analysis, and Manipulation of Source Code}},
  booktitle = {{Proceedings of the International Conference on Software Maintenance (ICSM'13)}},
  year = 2013,
  editor = {Serebrenik, Alexander and Gu\'ej\'eneuc, Yann-Ga\"el and Mens, Tom},
  pages = {516--519},
  address = {Eindhoven, Netherlands},
  organization = {},
  publisher = {IEEE},
  volume = {},
  number = {},
  series = {},
  month = sep,
  note = {}
}

@ARTICLE{Pawlak16,
  author = {Pawlak, Renaud and Monperrus, Martin and Petitprez, Nicolas and Noguera, Carlos and Seinturier, Lionel},
  title = {{SPOON: A Library for Implementing Analyses and Transformations of Java Source Code}},
  journal = {{Software---Practice and Experience}},
  publisher = {Wiley},
  year = 2016,
  volume = 46,
  number = 9,
  pages = {115--1179},
  month = sep,
  note = {}
}

@INPROCEEDINGS{Kepser04,
  author = {Kepser, Stephan},
  title = {{A Simple Proof for the Turing-Completeness of XSLT and XQuery}},
  booktitle = {{Proceedings of the International Conference on Extreme Markup Languages (XML'04)}},
  year = 2004,
  editor = {Usdin, Tommie},
  pages = {1--20},
  address = {Montr\'eal, Qu\'ebec, Canada},
  organization = {},
  publisher = {},
  volume = {},
  number = {},
  series = {},
  month = aug,
  note = {}
}

@BOOK{Lenz05,
  author = {Lenz, Evan},
  editor = {},
  title = {{XSLT 1.0 Pocket Reference: A Quick Guide to XML Transformations}},
  publisher = {{O'Reilly Media}},
  year = 2005,
  address = {},
  edition = {},
  volume = {},
  number = {},
  series = {},
  month = aug,
  note = {}
}

@BOOK{Beck04,
  author = {Beck, Kent and Andres, Cynthia},
  editor = {},
  title = {{Extreme Programming Explained: Embrace Change}},
  publisher = {{Addison-Wesley}},
  year = 2004,
  address = {},
  edition = {second},
  volume = {},
  number = {},
  series = {{The XP Series}},
  month = {},
  note = {}
}

@ARTICLE{ArcelliFontana12,
  author = {Arcelli Fontana, Francesca and Braione, Pietro and Zanoni, Marco},
  title = {{Automatic Detection of Bad Smells in Code: An Experimental Assessment}},
  journal = {{Journal of Object Technology}},
  publisher = {AiTO},
  year = 2012,
  volume = 11,
  number = 2,
  pages = {5:1--38},
  month = {},
  note = {}
}

@ARTICLE{Leroux06,
  author = {Leroux, Daniel and Nally, Martin and Hussey, Kenneth},
  title = {{Rational Software Architect: A Tool for Domain-Specific Modeling}},
  journal = {{IBM Systems Journal}},
  publisher = {IBM},
  year = 2006,
  volume = 45,
  number = 3,
  pages = {555--568},
  month = {},
  note = {}
}

@TECHREPORT{Roy07,
  author = {Roy, Chanchal Kumar and Cordy, James R.},
  title = {{A Survey on Software Clone Detection Research}},
  institution = {School of Computing, Queen's University at Kingston},
  year = 2007,
  type = {Technical Report},
  number = {2007-541},
  address = {Ontario, Canada},
  month = {},
  note = {}
}

@ARTICLE{Roy09,
  author = {Roy, Chanchal Kumar and Cordy, James R. and Koschke, Rainer},
  title = {{Comparison and Evaluation of Code Clone Detection Tecniques and Tools: A Qualitative Approach}},
  journal = {{Science of Computer Programming}},
  publisher = {Elsevier},
  year = 2009,
  volume = 74,
  number = 7,
  pages = {470--495},
  month = may,
  note = {}
}

@ARTICLE{Sulir16,
  author = {Sul{\'\i}r, Mat\'u\v{s} and Nos\'al', Milan and Porub\"an, Jaroslav},
  title = {{Recording Concerns in Source Code Using Annotations}},
  journal = {{Computer Languages, Systems \& Structures}},
  publisher = {Elsevier},
  year = 2016,
  volume = 46,
  number = {},
  pages = {44--65},
  month = nov,
  note = {}
}

@INPROCEEDINGS{Kulenovic14,
  author = {Kulenovic, Melina and Donko, Dzenana},
  title = {{A Survey of Static Code Analysis Methods for Security Vulnerabilities Detection}},
  booktitle = {{Proceedings of the 37th International Convention on Information and Communication Technology, Electronics and Microelectronics (MIPRO'14)}},
  year = 2014,
  editor = {Biljanovic, Petar},
  pages = {1381--1386},
  address = {Opatija, Croatia},
  organization = {},
  publisher = {IEEE},
  volume = {},
  number = {},
  series = {},
  month = may,
  note = {}
}

@INPROCEEDINGS{McArthur02,
  author = {McArthur, Gregory and Mylopoulos. John and Ng, Siu Kee Keith},
  title = {{An Extensible Tool for Source Code Representation Using XML}},
  booktitle = {{Proceedings of the 9th Working Conference on Reverse Engineering (WCRE'02)}},
  year = 2002,
  editor = {},
  pages = {},
  address = {Richmond, VA, USA},
  organization = {},
  publisher = {},
  volume = {},
  number = {},
  series = {},
  month = nov,
  note = {}
}

@ARTICLE{Dobing06,
  author = {Dobing, Brian and Parsons, Jeffrey},
  title = {{How UML is Used}},
  journal = cacm,
  publisher = {ACM},
  year = 2006,
  volume = 49,
  number = 5,
  pages = {109--113},
  month = may,
  note = {}
}

@INPROCEEDINGS{Royce87,
  author = {Royce, Winston W.},
  title = {{Managing the Development of Large Software Systems: Concepts and Techniques}},
  booktitle = {{Proceedings of the 9th International Conference on Software Engineering (ICSE'87)}},
  year = 1987,
  editor = {Riddle, William E.},
  pages = {328--338},
  address = {Monterey, CA, USA},
  organization = {},
  publisher = {IEEE},
  volume = {},
  number = {},
  series = {},
  month = may,
  note = {}
}

@INPROCEEDINGS{Boehm76,
  author = {Boehm, Barry W. and Brown, John R. and Lipow, Mlity},
  title = {{Quantitative Evaluation of Software Quality}},
  booktitle = {{Proceedings of the 2nd International Conference on Software Engineering (ICSE'76)}},
  year = 1976,
  editor = {Yeh, Raymond T. and Ramamoorthy, C. V.},
  pages = {592--605},
  address = {San Francisco, CA, USA},
  organization = {},
  publisher = {IEEE},
  volume = {},
  number = {},
  series = {},
  month = oct,
  note = {}
}

@TECHREPORT{Buchi99,
  author = {B{\"u}chi, Martin and Weck, Wolfgang},
  title = {{The Greybox Approach: When Blackbox Specfications Hide Too Much }},
  institution = {Turku Centre for Computer Science},
  year = 1999,
  type = {TUCS Technical Report},
  number = {297a},
  address = {Turku, Finland},
  month = aug,
  note = {}
}

@ARTICLE{Grossman05,
  author = {Grossman, Martin and Aronson, Jay E. and McCarthy, Richard V.},
  title = {{Does UML Make the Grade? Insights from the Software Development Community}},
  journal = {{Information and Software Technology}},
  publisher = {Elsevier},
  year = 2005,
  volume = 47,
  number = 6,
  pages = {383--397},
  month = apr,
  note = {}
}

@INPROCEEDINGS{Reggio13,
  author = {Reggio, Gianna and Leotta, Maurizio and Ricca, Filippo and Clerissi, Diego},
  title = {{What Are the Used UML Diagrams? A Preliminary Survey}},
  booktitle = {{Proceedings of 3rd International Workshop on Experiences and Empirical Studies in Software Modeling (EESSMod'13)}},
  year = 2013,
  editor = {},
  pages = {3--12},
  address = {Miami, FL, USA},
  organization = {},
  publisher = {},
  volume = {},
  number = {},
  series = {},
  month = oct,
  note = {}
}

@INPROCEEDINGS{Osman13,
  author = {Osman, Mohd Hafeez and Chaudron, Michel R. V.},
  title = {{UML Usage in Open Source Software Development: A Field Study}},
  booktitle = {{Proceedings of 3rd International Workshop on Experiences and Empirical Studies in Software Modeling (EESSMod'13)}},
  year = 2013,
  editor = {},
  pages = {23--32},
  address = {Miami, FL, USA},
  organization = {},
  publisher = {},
  volume = {},
  number = {},
  series = {},
  month = oct,
  note = {}
}

@INPROCEEDINGS{Petre13,
  author = {Petre, Marian},
  title = {{UML in Practice}},
  booktitle = {{Proceedings of the 35th International Conference on Software Engineering (ICSE'13)}},
  year = 2013,
  editor = {Chang, Betty H. and Pohl, Klaus},
  pages = {722--731},
  address = {San Francisco, CA, USA},
  organization = {},
  publisher = {IEEE},
  volume = {},
  number = {},
  series = {},
  month = may,
  note = {}
}

@ARTICLE{Lange06,
  author = {Lange, Christian F. J. and Chaudron, Michel R. V. and Muskens, Johan},
  title = {{In Practice: UML Software Architecture and Design Description}},
  journal = {{IEEE Software}},
  publisher = {IEEE},
  year = 2006,
  volume = 23,
  number = 2,
  pages = {40--46},
  month = mar#"/"#apr,
  note = {}
}

@INPROCEEDINGS{Hutchinson11,
  author = {Hutchinson, John and Whittle, Jon and Rouncefield, Mark and Kristoffersen, Steinar},
  title = {{Empirical Assessment of MDE in Industry}},
  booktitle = {{Proceedings of the 33rd International Conference on Software Engineering (ICSE'11)}},
  year = 2011,
  editor = {Gall, Harald and Medvidovi\'c, Nenad},
  pages = {471--480},
  address = {Honolulu, HI, USA},
  organization = {},
  publisher = {IEEE},
  volume = {},
  number = {},
  series = {},
  month = may,
  note = {}
}

@INPROCEEDINGS{Dobing05,
  author = {Dobing, Brian and Parsons, Jeffrey},
  title = {{Current Practices in the Use of UML}},
  booktitle = {{Proceedings of the 24th International Conference on Perspectives in Conceptual Modeling (ER'05)}},
  year = 2005,
  editor = {Akoka, Jacky and Liddle, Stephen W. and Song, Il-Yeol and Bertolotto, Michela and Comyn-Wattiau, Isabelle},
  pages = {2--11},
  address = {Klagenfurt, Austria},
  organization = {},
  publisher = {},
  volume = {},
  number = {},
  series = {},
  month = oct,
  note = {}
}

@ARTICLE{Agner13,
  author = {Wiedermann Agner, Luciane Telinski and Wisniewski Soares, Inali and Stadzisz, Paulo C\'esar and Sim\~ao, Jean Marcelo},
  title = {{A Brazilian Survey on UML and Model-Driven Practices for Embedded Software Development}},
  journal = {{Journal of Systems and Software}},
  publisher = {Elsevier},
  year = 2013,
  volume = 86,
  number = 4,
  pages = {997--1005},
  month = apr,
  note = {}
}

@INPROCEEDINGS{FernandezSaez15,
  author = {Fern\'andez-S\'aez, Ana M. and Caivano, Danilo and Genero, Marcela and Chaudron, Michel R. V.},
  title = {{On the Use of UML Documentation in Software Maintenance: Results from a Survey in Industry}},
  booktitle = {{Proceedings of the 18th International Conference on Model Driven Engineering Languages and Systems (MODELS'15)}},
  year = 2015,
  editor = {Cabot, Jordi},
  pages = {292--301},
  address = {Ottawa, ON, Canada},
  organization = {},
  publisher = {IEEE},
  volume = {},
  number = {},
  series = {},
  month = sep,
  note = {}
}

@MANUAL{Mohlin18,
  title = {{Comparing and Merging Models with RSARTE}},
  organization = {IBM},
  address = {},
  author = {Mohlin, Mattias},
  edition = {},
  month = jun,
  year = 2018,
  note = {}
}

@INPROCEEDINGS{Langer14,
  author = {Langer, Philip and Mayerhofer, Tanja and Wimmer, Manuel and Kappel, Gerti},
  title = {{On the Usage of UML: Initial Results of Analyzing Open UML Models}},
  booktitle = {{Proceedings of Modellierung (Modellierung'14)}},
  year = 2014,
  editor = {Fill, Hans-Georf and Karagiannis, Dimitris and Reimer, Ulrich},
  pages = {289--304},
  address = {Wien, Austria},
  organization = {},
  publisher = {Springer},
  volume = {},
  number = {},
  series = {Lecture Notes in Informatics 225},
  month = mar,
  note = {}
}

@ARTICLE{Brun08,
  author = {Brun, C\'edric and Pierantonio, Alfonso},
  title = {{Model Differences in the Eclipse Modeling Framework}},
  journal = {{UPGRADE, The European Journal for the Informatics Professional}},
  publisher = {EUCIP},
  year = 2008,
  volume = 9,
  number = 2,
  pages = {29--34},
  month = apr,
  note = {}
}

@INPROCEEDINGS{Ameller15,
  author = {Ameleer, David and Franch, Xavier and G\'omez, Cristina and Arujo, Jo\~ao and Berntsson Svensson, Richard and Biffl, Stefan and Cabot, Jordi and Cortellessa, Vittorio and Daneva, Maya and M\'endez Fern\'andez, DAniel and Moreira, Ana and Muccini, Henry and Vallecillo, Antonio and Wimmer, Manuel and Amaral, Vasco and Bruneli\`ere, Hugo and Burgue\~no, Loli and Foul\~ao, Miguel and Sch\"atz, Bernhard and Teufl, Sabine},
  title = {{Handling Non-Functional Requirements in Model-Driven Development: An Ongoing Industrial Survey}},
  booktitle = {{Proceedings of the 23rd International Requirements Engineering Conference (RE'15)}},
  year = 2015,
  editor = {Zowghi, Didar and Gervasi, Vincenzo},
  pages = {208--213},
  address = {Ottawa, ON, Canada},
  organization = {},
  publisher = {IEEE},
  volume = {},
  number = {},
  series = {},
  month = aug,
  note = {}
}

@INPROCEEDINGS{Sheng05,
  author = {Sheng, Quan Z. and Benatallah, Boualem},
  title = {{ContextUML: A UML-Based Modeling Language for Model-Driven Development of Context-Aware Web Services}},
  booktitle = {{Proceedings of the International Conference on Mobile Business (ICMB'05)}},
  year = 2005,
  editor = {Brookes, Wayne and Lawrence, Elaine and Steele, Robert and Chang, Elizabeth},
  pages = {206--212},
  address = {Sydney, Australia},
  organization = {},
  publisher = {IEEE},
  volume = {},
  number = {},
  series = {},
  month = jul,
  note = {}
}

@ARTICLE{Simons07,
  author = {Simons, Christof. and Wirtz, Guido},
  title = {{Modeling Context in Mobile Distributed Systems with the UML}},
  journal = {{Journal of Visual Languages and Computing}},
  publisher = {Elsevier},
  year = 2007,
  volume = 18,
  number = {},
  pages = {420--439},
  month = {},
  note = {}
}

@INPROCEEDINGS{Kapitsaki08,
  author = {Kapitsaki, Georgia M. and Venieris, Iakovos S.},
  title = {{PCP: Privacy-Aware Context Profile towards Context-Aware Application Development }},
  booktitle = {{Proceedings of the 10th International Conference on Information Integration and Web-based Applications \& Services (iiWAS'08)}},
  year = 2008,
  editor = {Taniar, David and Pardede, Eric},
  pages = {104--110},
  address = {Linz, Austria},
  organization = {},
  publisher = {ACM},
  volume = {},
  number = {},
  series = {},
  month = nov,
  note = {}
}

@ARTICLE{Hsu12,
  author = {Hsu, I-Ching},
  title = {{Extending UML to Model Web 2.0-Based Context-Aware Applications}},
  journal = {{Software---Practice and Experience}},
  publisher = {John Wiley and Sons, Ltd},
  year = 2012,
  volume = 42,
  number = 10,
  pages = {1211--1227},
  month = oct,
  note = {}
}

@INPROCEEDINGS{Benselim12,
  author = {Benselim, Mohamed Salah and Seridi-Bouchelaghem, Hassina},
  title = {{Extended UML for the Development of Context-Aware Applications}},
  booktitle = {{Proceedings of the 4th International Conference on Networked Digital Technologies (NDT'12)}},
  year = 2012,
  editor = {Benlamri, Rachid},
  pages = {33--43},
  address = {Dubai, United Arab Emirates},
  organization = {},
  publisher = {Springer},
  volume = {},
  number = {},
  series = {Communications in Computer and Information Science 293},
  month = apr,
  note = {}
}

@INPROCEEDINGS{daSilva18,
  author = {da Silva, Jo{\~a}o Pablo S. and Ecar, Miguel and Pimenta, Marcelo S. and Guedes, Gilleanes T. A. and Franz, Luiz Paulo and Marchezan, Luciano},
  title = {{A Systematic Literature Review of UML-Based Domain-Specific Modeling Languages for Self-Adaptive Systems}},
  booktitle = {{Proceedings of the 13th International Conference on Software Engineering for Adaptive and Self-Managing Systems (SEAMS'18)}},
  year = 2018,
  editor = {Weyns, Danny},
  pages = {87--93},
  address = {Gothenburg, Sweden},
  organization = {},
  publisher = {ACM},
  volume = {},
  number = {},
  series = {},
  month = may,
  note = {}
}

@INPROCEEDINGS{Jensen10,
  author = {Jensen, Adam C. and Cheng, Betty H. C.},
  title = {{On the Use of Genetic Programming for Automated Refactoring and the Introduction of Design Patterns}},
  booktitle = {{Proceedings of the 12th Annual Conference on Genetic and Evolutionary Computation (GECCO'10)}},
  year = 2010,
  editor = {Branke, J\"urgen},
  pages = {1341--1348},
  address = {Portland, OR, USA},
  organization = {},
  publisher = {ACM},
  volume = {},
  number = {},
  series = {},
  month = jul,
  note = {}
}

@INPROCEEDINGS{daSilva18b,
  author = {da Silva, Jo{\~a}o Pablo S. and Ecar, Miguel and Pimenta, Marcelo S. and Guedes, Gilleanes T. A. and Rodrigues, Elder M.},
  title = {{Towards a Domain-Specific Modeling Language for Self-Adaptive Systems Conceptual Modeling}},
  booktitle = {{Proceedings of the XXXII Brazilian Symposium on Software Engineering (SBES'18)}},
  year = 2018,
  editor = {Kulesza, Uir\'a},
  pages = {208--213},
  address = {Sao Carlos, Brazil},
  organization = {},
  publisher = {ACM},
  volume = {},
  number = {},
  series = {},
  month = sep,
  note = {}
}

@INPROCEEDINGS{Moghadam12,
  author = {Moghadam, Iman Hemati and \'O Cinne\'eide, Mel},
  title = {{Automated Refactoring Using Design Differencing}},
  booktitle = {{Proceedings of the 16th European Conference on Software Maintenance and Reengineering (CSMR'12)}},
  year = 2012,
  editor = {Mens, Tom and Cleve, Anthony},
  pages = {43--52},
  address = {Szeged, Hungary},
  organization = {},
  publisher = {IEEE},
  volume = {},
  number = {},
  series = {},
  month = mar,
  note = {}
}

@INPROCEEDINGS{Hadaytullah12,
  author = {Hdaytullah and Vathsavayi, Sriharsha and R\"aih\"a, Outi and Koskimies, Kai and Gregersen, Allan Raundahl},
  title = {{Applying Genetic Self-Architecting for Distributed Systems}},
  booktitle = {{Proceedings of the 4th World Congress on Nature and Biologically Inspired Computing (NaBIC'12)}},
  year = 2012,
  editor = {},
  pages = {44--52},
  address = {Mexico City, Mexico},
  organization = {},
  publisher = {IEEE},
  volume = {},
  number = {},
  series = {},
  month = nov,
  note = {}
}

@INPROCEEDINGS{Pinto07,
  author = {Pinto, Rossano P. and Cardozo, Eleri and Coelho, Paulo R. S. L. and Guimar{\~a}es, Eliane G.},
  title = {{A Domain-Independent Middleware Framework for Context-Aware Applications}},
  booktitle = {{Proceedings of the 6th International Workshop on Adaptive and Reflective Middleware (ARM'07)}},
  year = 2007,
  editor = {},
  pages = {5:1--5:6},
  address = {Newport Beach, CA, USA},
  organization = {},
  publisher = {ACM},
  volume = {},
  number = {},
  series = {},
  month = nov,
  note = {}
}

@INPROCEEDINGS{Al-Alshuhai15,
  author = {Al-Alshuhai, Ahmed and Siewe, Fran\c{c}ois},
  title = {{An Extension of Class Diagram to Model the Structure of Context-Aware Systems}},
  booktitle = {{Proceedings of the 6th International Joint Conference on Advances in Engineering and Technology (AET 2015)}},
  year = 2015,
  editor = {},
  pages = {},
  address = {Cochin, India},
  organization = {},
  publisher = {},
  volume = {},
  number = {},
  series = {},
  month = dec,
  note = {}
}

@ARTICLE{Boudjemline17,
  author = {Boudjemline, Haider and Touahria, Mohamed and Boubetra, Abdelhak and Kaabeche, Hamza},
  title = {{Heavyweight Extension to the UML Class Diagram Metamodel for Modeling Context Aware Systems in Ubiquitous Computing}},
  journal = {{Journal of Pervasive Computing and Communications}},
  publisher = {Emerald Publishing Limited},
  year = 2017,
  volume = 13,
  number = 3,
  pages = {238--251},
  month = jun,
  note = {}
}

@ARTICLE{Fuentes04,
  author = {Fuentes-Fern\'andez, Lidia and Vallecillo-Moreno, Antonio},
  title = {{An Introduction to UML Profiles}},
  journal = {{UPGRADE, The European Journal for the Informatics Professional}},
  publisher = {},
  year = 2004,
  volume = 5,
  number = 2,
  pages = {6--13},
  month = apr,
  note = {}
}

@MISC{OMG17,
  author = {Bock, Conrad and Cook, Steve and Rivett, Pete and Rutt, Tom and Seidewitz, Ed and Selic, Bran and Tolbert, Doug},
  title = {{About the Unified Modeling Language Specification Version 2.5.1}},
  howpublished = {Available at \url{https://www.omg.org/spec/UML/2.5.1/}},
  month = dec,
  year = 2017,
  note = {}
}

@ARTICLE{Khakpour12,
  author = {Khakpour, Narges and Jalili, Saeed and Talcott, Carolyn and Sirjani, Marjan and Mousavi, Mohammadreza},
  title = {{Formal Modeling of Evolving Self-Adaptive Systems}},
  journal = {{Science of Computer Programming}},
  publisher = {Elsevier},
  year = 2012,
  volume = 78,
  number = 1,
  pages = {3--26},
  month = nov,
  note = {}
}

@INPROCEEDINGS{Arcaini15,
  author = {Arcaini, Paolo and Riccobene, Elvinia and Scandurra, Patrizia},
  title = {{Modeling and Analyzing MAPE-K Feedback Loops for Self-Adaptation}},
  booktitle = {{Proceedings of the 10th International Symposium on Software Engineering for Adaptive and Self-Managing Systems}},
  year = 2015,
  editor = {Schmerl, Bradley},
  pages = {13--23},
  address = {Florence, Italy},
  organization = {},
  publisher = {IEEE},
  volume = {},
  number = {},
  series = {},
  month = may,
  note = {}
}

@ARTICLE{Arcaini17,
  author = {Arcaini, Paolo and Riccobene, Elvinia and Scandurra, Patriza},
  title = {{Formal Design and Verification of Self-Adaptive Systems with Decentralized Control}},
  journal = {{ACM Transaction on Autonomous and Adaptive Systems}},
  publisher = {ACM},
  year = 2017,
  volume = 11,
  number = 4,
  pages = {25:1--25:35},
  month = feb,
  note = {}
}

@PROCEEDINGS{deLemos13,
  title = {{Software Engineering for Self-Adaptive Systems II}},
  year = 2013,
  editor = {de Lemos, Rog\'erio and Giese, Holger and M\"uller, Hausi A. and Shaw, Mary},
  address = {Dagstuhl Castle, Germany},
  organization = {},
  volume = {},
  number = {},
  series = {Lecture Notes in Computer Science 7475},
  month = oct,
  publisher = {Springer},
  note = {}
}

@PROCEEDINGS{deLemos13b,
  title = {{Software Engineering for Self-Adaptive Systems III. Assurances}},
  year = 2017,
  editor = {de Lemos, Rog\'erio and Garlan, David and Ghezzi, Carlo and Giese, Holger},
  address = {Dagstuhl Castle, Germany},
  organization = {},
  volume = {},
  number = {},
  series = {Lecture Notes in Computer Science 9640},
  month = dec,
  publisher = {Springer},
  note = {}
}

@INPROCEEDINGS{Weyns12,
  author = {Weyns, Danny and Iftikhar, M. Usman and de la Iglesia, Didac Gil and Ahmad, Tanvir},
  title = {{A Survey of Formal Methods in Self-Adaptive Systems}},
  booktitle = {{Proceedings of the 5th International C* Conference on Computer Science and Software Engineering (C3S2E'12)}},
  year = 2012,
  editor = {Mudur, Sudhir and Desai, Bipin C. },
  pages = {67--79},
  address = {Montr\'eal, Quebec, Canada},
  organization = {},
  publisher = {ACM},
  volume = {},
  number = {},
  series = {},
  month = jun,
  note = {}
}

@BOOK{Clarke00,
  author = {Clarke, jr, Edmund M. and Grumberg, Orna and Peled, Doron A.},
  editor = {},
  title = {{Model Checking}},
  publisher = {MIT Press},
  year = 2000,
  address = {Cambridge, MA, USA},
  edition = {},
  volume = {},
  number = {},
  series = {},
  month = {},
  note = {}
}

@INPROCEEDINGS{Zhang06,
  author = {Zhang, Ji and Cheng, Betty H. C.},
  title = {{Model-Based Development of Dynamically Adaptive Software}},
  booktitle = {{Proceedings of the 28th International Conference on Software Engineering (ICSE'06)}},
  year = 2006,
  editor = {Rombach, Deter and Soffa, Mary Lou},
  pages = {371--380},
  address = {Shanghai, China},
  organization = {},
  publisher = {IEEE},
  volume = {},
  number = {},
  series = {},
  month = may,
  note = {}
}

@ARTICLE{Silva19,
  author = {Silva, Eneias and Leite, Alessandro and Alves, Vander and Apel, Sven},
  title = {{ExpRunA: A Domain-Specific Approach for Technology-Oriented Experiments}},
  journal = {{Software \& Systems Modeling}},
  publisher = {Springer},
  year = 2019,
  volume = {},
  number = {},
  pages = {},
  month = {},
  note = {}
}

@ARTICLE{Korson92,
  author = {Korson, Timothy D. and McGregor, John D.},
  title = {{Technical Criteria for the Specification and Evaluation of Object-Oriented Libraries}},
  journal = {{Software Engineering Journal}},
  publisher = {IEEE},
  year = 1992,
  volume = 7,
  number = 2,
  pages = {85--94},
  month = mar,
  note = {}
}

@ARTICLE{Meyer87b,
  author = {Meyer, Bertrand},
  title = {{Reusability: The Case for Object-Oriented Design}},
  journal = {{IEEE Software}},
  publisher = {IEEE},
  year = 1987,
  volume = 4,
  number = 2,
  pages = {50--64},
  month = mar,
  note = {}
}

@INPROCEEDINGS{Mishne12,
  author = {Mishne, Alon and Shoham, Sharon and Yahav, Eran},
  title = {{Typestate-Based Semantic Code Search over Partial Programs}},
  booktitle = {{Proceedings of the ACM International Conference on Object Oriented Programming Systems Languages and Applications (OOPSLA'12)}},
  year = 2012,
  editor = {Leavens, Gary T. and Dwyer, Matthew B.},
  pages = {997--1016},
  address = {Tucson, AZ, USA},
  organization = {},
  publisher = {ACM},
  volume = {},
  number = {},
  series = {},
  month = oct,
  note = {}
}

@INPROCEEDINGS{Raychev14,
  author = {Raychev, Veselin and Vechev, Martin and Yahav, Eran},
  title = {{Code Completion with Statistical Language Models}},
  booktitle = {{Proceedings of the 35th ACM Conference on Programming Language Design and Implementation (PLDI'14)}},
  year = 2014,
  editor = {Pingali, Keshav},
  pages = {419--428},
  address = {Edinburgh, United Kingdom},
  organization = {},
  publisher = {ACM},
  volume = {},
  number = {},
  series = {},
  month = jun,
  note = {}
}

@ARTICLE{Denning72,
  author = {Denning, Peter J. and Schwartz, Stuart C.},
  title = {{Properties of the Working-Set Model}},
  journal = cacm,
  publisher = {ACM},
  year = 1972,
  volume = 15,
  number = 3,
  pages = {191--198},
  month = mar,
  note = {}
}

@INPROCEEDINGS{Lyons17,
  author = {Lyons, Damian M. and Bogar, Anne Marie and Baird, David},
  title = {{Lightweight Multilingual Software Analysis}},
  booktitle = {{Proceedings of the 12th International Conference on Software Technologies (ICSOFT'17)}},
  year = 2017,
  editor = {Cardoso, Jorge S. and Maciaszek, Leszek A. and van Sinderen, Marten and Cabello, Enrique},
  pages = {201--207},
  address = {Madrid, Spain},
  organization = {},
  publisher = {SciTe Press},
  volume = {},
  number = {},
  series = {},
  month = jul,
  note = {}
}

@INPROCEEDINGS{Bogar18,
  author = {Bogar, Anne Marie and Lyons, Damian M, and Baird, David},
  title = {{Lightweight Call-Graph Construction for Multilingual Software Analysis}},
  booktitle = {{Proceedings of the 13th International Conference on Software Technologies (ICSOFT'18)}},
  year = 2018,
  editor = {Maciaszek, Leszek A. and van Sinderen, Marten},
  pages = {362--371},
  address = {Porto, Portugal},
  organization = {},
  publisher = {SciTe Press},
  volume = {},
  number = {},
  series = {},
  month = jul,
  note = {}
}

@INPROCEEDINGS{Niu12,
  author = {Niu, Nan and Savolainen, Juha and Bhowmik, Tanmay and Mahmoud, Anas and Reddivari, Sandeep},
  title = {{A Framework for Examining Topical Locality in Object-Oriented Software}},
  booktitle = {{Proceedings of the 36th International Conference on Computer Software and Applications (COMPSAC'12)}},
  year = 2012,
  editor = {Bai, Xiaoying and S\"uleyman, Atilla Elci and Zulkernine, Mohammad},
  pages = {219--224},
  address = {Izmir, Turkey},
  organization = {},
  publisher = {IEEE},
  volume = {},
  number = {},
  series = {},
  month = jul,
  note = {}
}

@ARTICLE{Chinosi12,
  author = {Chinosi, Michele and Trombetta, Alberto},
  title = {{BPMN: An Introduction to the Standard}},
  journal = {{Computer Standards and Interfaces}},
  publisher = {Elsevier},
  year = 2012,
  volume = 34,
  number = 1,
  pages = {124--134},
  month = jan,
  note = {}
}

@ARTICLE{Yu20,
  author = {Yu, Zhongxing amd Bai, Chenggang and Seinturier, Lionel and Monperrus, Martin},
  title = {{Characterizing the Usage, Evolution and Impact of Java Annotations in Practice}},
  journal = ieeese,
  publisher = {IEEE},
  year = 2020,
  volume = {},
  number = {},
  pages = {},
  month = {},
  note = {}
}

@INPROCEEDINGS{Sinha00,
  author = {Sinha, Vivek and Doucet, Frederic and Siska, Chuck and Gupta, Rajesh K. and Liao, Stan Y. and Ghosh, Abhijit},
  title = {{YAML: A Tool for Hardware Design Visualization and Capture}},
  booktitle = {{Proceedings of the 13th International Symposium on System Synthesis (ISSS'00)}},
  year = 2000,
  editor = {},
  pages = {9--14},
  address = {Madrid, Spain},
  organization = {},
  publisher = {IEEE},
  volume = {},
  number = {},
  series = {},
  month = sep,
  note = {}
}

@ARTICLE{Mayer17,
  author = {Mayer, Philip and Kirsch, Michael and Le, Minh Anh},
  title = {{On Multi-Language Software Development, Cross-Language Links and Accompanying Tools: A Survey of Professional Software Developers}},
  journal = {{Journal of Software Engineering Research and Development}},
  publisher = {Springer},
  year = 2017,
  volume = 5,
  number = 1,
  pages = {},
  month = apr,
  note = {}
}

@ARTICLE{Mendes20,
  author = {Mendes, Emilia and Wohlin, Claes and Felizardo, Katia and Kalinowski, Marcos},
  title = {{When to Update Systematic Literature Reviews in Software Engineering}},
  journal = {{The Journal of Systems and Software}},
  publisher = {Elsevier},
  year = 2020,
  volume = 157,
  number = {},
  pages = {},
  month = apr,
  note = {}
}

@MISC{Liu20c,
  author = {Liu, Shanhong},
  title = {{Quality Assurance and Testing Budget Allocation as a Share of IT Spend 2012-2019}},
  howpublished = {{Available at \url{https://www.statista.com/statistics/500641/worldwide-qa-budget-allocation-as-percent-it-spend/}}},
  month = mar,
  year = 2020,
  note = {}
}

@ARTICLE{Shen85,
  author = {Shen, Vincent Y. and Yu, Tze-Jie and Thebaut, Stephen M. and Paulsen, Lorri R.},
  title = {{Identifying Error-Prone Software---An Empirical Study}},
  journal = ieeese,
  publisher = {IEEE},
  year = 1985,
  volume = 11,
  number = 4,
  pages = {317--324},
  month = apr,
  note = {}
}

@INPROCEEDINGS{Yang19,
  author = {Yang, Jun and Xiong, Yu and Ma, Jinxin},
  title = {{A Function Level Java Code Clone Detection Method}},
  booktitle = {{Proceedings of the 4th IEEE Advanced Information Technology, Electronic and Automation Control Conference (IAEAC'19)}},
  year = 2019,
  editor = {},
  pages = {},
  address = {Chengdu, China},
  organization = {},
  publisher = {IEEE},
  volume = {},
  number = {},
  series = {},
  month = dec,
  note = {}
}

@UNPUBLISHED{Beck01,
  author = {Beck, Kent and Beedle, Mike and van Bennekum, Arie and Cockburn, Alistair and Cunningham, Ward and Fowler, Martin and Grenning, James and Highsmith, Jim and Hunt, Andrew and Jeffries, Ron and Kern, Jon and Marick, Brian and Martin, Robert C. and Mellor, Steve and Schwaber, Ken and Sutherland, Jeff and Thomas, Dave},
  title = {{Manifesto for Agile Software Development}},
  note = {},
  year = 2001,
  month = {}
}

@BOOK{Marco87,
  author = {Macro, Allen and Buxton, John},
  editor = {},
  title = {{The Craft of Software Engineering}},
  publisher = {Addison-Wesley},
  year = 1987,
  address = {},
  edition = {},
  volume = {},
  number = {},
  series = {},
  month = jul,
  note = {}
}

@INPROCEEDINGS{Ray14,
  author = {Ray, Baishakhi and posnett, Daryl and Filkov, Vladimir and Devanbu, Premkumar},
  title = {{A Large Scale Study of Programming Languages and Code Quality in GitHub}},
  booktitle = {{Proceedings of the 22nd International Symposium on Foundations of Software Engineering (FSE'14)}},
  year = 2014,
  editor = {Orso, Alessandro and Storey, Margaret-Anne},
  pages = {155--165},
  address = {Hong Kong, China},
  organization = {},
  publisher = {ACM},
  volume = {},
  number = {},
  series = {},
  month = nov,
  note = {}
}

@INPROCEEDINGS{Kochhar16,
  author = {Kochhar, Pavneet Singh and Wijedasa, Dinusha and Lo, David},
  title = {{A Large Scale Study of Multiple Programming Languages and Code Quality}},
  booktitle = {{Proceedings of the 23rd International Conference on Software Analysis, Evolution and Reengineering (SANER'16)}},
  year = 2016,
  editor = {},
  pages = {563--573},
  address = {Osaka, Japan},
  organization = {},
  publisher = {IEEE},
  volume = {},
  number = {},
  series = {},
  month = mar,
  note = {}
}

@INPROCEEDINGS{Mayer15,
  author = {Mayer, Philip and Bauer, Alexander},
  title = {{An Empirical Analysis of the Utilization of Multiple Programming Languages in Open Source Projects}},
  booktitle = {{Proceedings of the 19th International Conference on Evaluatio nand Assessment in Software Engineering (EASE'15)}},
  year = 2015,
  editor = {Zhang, He and Ali Babar, Muhammad Ali},
  pages = {1--10},
  address = {Nanjing, China},
  organization = {},
  publisher = {ACM},
  volume = {},
  number = {},
  series = {},
  month = apr,
  note = {}
}

@INPROCEEDINGS{Mushtaq15,
  author = {Mushtaq, Zaigham and Rasool, Ghulam},
  title = {{Multilingual Source Code Analysis: State of the Art and Challenges}},
  booktitle = {{Proceedings of the 9th International Conference on Open Source Systems and Technologies (ICOSST'15)}},
  year = 2015,
  editor = {},
  pages = {170--175},
  address = {Lahore, Pakistan},
  organization = {},
  publisher = {IEEE},
  volume = {},
  number = {},
  series = {},
  month = dec,
  note = {}
}

@ARTICLE{Shatnawi19,
  author = {Shatnawi, Anas and Mili, Hafedh  and Abdellatif, Manel and  Gu\'eh\'eneuc, Yann-Ga\"el  and Moha, Naouel and Hecht, Geoffrey and El Boussaidi, Ghizlane and Privat, Jean},
  title = {{Static Code Analysis of Multilanguage Software Systems: The Case of Multilanguage Java EE Applications}},
  journal = {{arXiv}},
  publisher = {},
  year = 2019,
  volume = {1906.00815},
  number = {},
  pages = {},
  month = jun,
  note = {}
}

@BOOK{Pressman05,
  author = {Pressman, Roger S.},
  editor = {},
  title = {{Software Engineering: A Practitioner's Approach}},
  publisher = {McGraw-Hill},
  year = 2005,
  address = {},
  edition = {sixth},
  volume = {},
  number = {},
  series = {},
  month = {},
  note = {}
}

@ARTICLE{DeVasconcelos17,
  author = {de Vasconcelos, Jos\'e Braga and Kimble, Chris and Carreteiro, Paulo and Rocha, \'Alvaro},
  title = {{The Application of Knowledge Management to Software Evolution}},
  journal = {{International Journal of Information Management}},
  publisher = {Elsevier},
  year = 2017,
  volume = 37,
  number = 1,
  pages = {1499--1506},
  month = feb,
  note = {}
}

@ARTICLE{Fernandez-Saez18,
  author = {Fern\'andez-S\'aez and Ana M. and Chaudron, Michel R. V. and Genero, Marcela},
  title = {{An Industrial Case Study on the Use of UML in Software Maintenance and Its Perceived Benefits and Hurdles}},
  journal = {{Empirical Software Engineering}},
  publisher = {Springer},
  year = 2018,
  volume = 23,
  number = 6,
  pages = {3281--3345},
  month = mar,
  note = {}
}

@TECHREPORT{ISO17,
  author = {{{ISO/IEC/IEEE International Standard}}},
  title = {{Systems and Software Engineering---Vocabulary}},
  institution = {},
  year = 2017,
  type = {Standard},
  number = {24765-2017},
  address = {},
  month = aug,
  doi = {10.1109/IEEESTD.2017.8016712},
  note = {}
}

@INPROCEEDINGS{Serebrenik15,
  author = {Serebrenik, Alexander and Mens, Tom},
  title = {{Challenges in Software Ecosystems Research}},
  booktitle = {{Proceedings of the 2015 European Conference on Software Architecture Workshops (ECSAW'15)}},
  year = 2015,
  editor = {Crnkovic, Ivica},
  pages = {1--6},
  address = {Dubrovnik, Croatia},
  organization = {},
  publisher = {ACM},
  volume = {},
  number = {},
  series = {},
  month = sep,
  note = {}
}

@INPROCEEDINGS{Dusink95,
  author = {Dusink, Liesbeth and van Katwijk, Jan},
  title = {{Reuse Dimensions}},
  booktitle = {{Proceedings of the Symposium on Software Reusability (SSR'95)}},
  year = 1995,
  editor = {Samadzadeh, Mansur and Zand, Mansour},
  pages = {137--149},
  address = {Seattle, WA, USA},
  organization = {},
  publisher = {ACM},
  volume = {},
  number = {},
  series = {},
  month = apr,
  note = {}
}

@ARTICLE{Basili96,
  author = {Basili, Victor R. and Briand, Lionel C. and Melo, Walc\'elio L.},
  title = {{How Reuse Influences Productivity in Object-Oriented Systems}},
  journal = cacm,
  publisher = {ACM},
  year = 1996,
  volume = 39,
  number = 10,
  pages = {104--116},
  month = oct,
  note = {}
}

@ARTICLE{Tracz90,
  author = {Tracz, Will},
  title = {{Where Does Reuse Start?}},
  journal = {{ACM SIGSOFT Software Engineering Notes}},
  publisher = {ACM},
  year = 1990,
  volume = 15,
  number = 2,
  pages = {42--46},
  month = apr,
  note = {}
}

@INPROCEEDINGS{Xu11,
  author = {Xu, Yingxiao and Ramanathan, Jay and Ramnath, Rajiv and Singh, Nisheet and Deshpande, Shubhanan},
  title = {{Reuse by Placement: A Paradigm for Cross-Domain Software Reuse with High Level of Granularity}},
  booktitle = {{Proceedings of the 12th International Conference on Software Reuse (ICSR'11)}},
  year = 2011,
  editor = {Schmid, Klaus},
  pages = {69--77},
  address = {Pohang, South Korea},
  organization = {},
  publisher = {Springer},
  volume = {},
  number = {},
  series = {Lecture Notes in Computer Science 6727},
  month = jun,
  note = {}
}

@INPROCEEDINGS{Burd96,
  author = {Burd, Elizaeth and Munro, Malcom and Wezeman, Clazien},
  title = {{Extracting Reusable Modules from Legacy Code: Considering the Issues of Module Granularity}},
  booktitle = {{Proceedings of the 3rd Working Conference on Reverse Engineering (WCRE'96)}},
  year = 1996,
  editor = {Wills, Linda and Baxter, Ira and Chikofsky, Elliot},
  pages = {189--196},
  address = {Monterey, CA, USA},
  organization = {},
  publisher = {IEEE},
  volume = {},
  number = {},
  series = {},
  month = nov,
  note = {}
}

@ARTICLE{Long01,
  author = {Long, John},
  title = {{Software Reuse Antipatterns}},
  journal = {{ACM SIGSOFT Software Engineering Notes}},
  publisher = {ACM},
  year = 2001,
  volume = 26,
  number = 4,
  pages = {68--76},
  month = jul,
  note = {}
}

@INPROCEEDINGS{Hemer01,
  author = {Hemer, David and Lindsay, Peter},
  title = {{Specification-Based Retrieval Strategies for Module Reuse}},
  booktitle = {{Proceedings of the 5th Australian Software Engineering Conference (ASEC'01)}},
  year = 2001,
  editor = {Grant, Douglas D. and Sterling, Leon},
  pages = {235--243},
  address = {Canberra, Australia},
  organization = {},
  publisher = {IEEE},
  volume = {},
  number = {},
  series = {},
  month = aug,
  note = {}
}

@INPROCEEDINGS{Pinto14,
  author = {Pinto, Gustavo and Castor, Fernando and Liu Yu David},
  title = {{Understanding Energy Behaviors of Thread Management Constructs}},
  booktitle = {{Proceedings of the ACM International Conference on Object Oriented Programming Systems Languages and Applications (OOPSLA'14)}},
  year = 2014,
  editor = {Millstein, Todd},
  pages = {345--360},
  address = {Portland, OR, USA},
  organization = {},
  publisher = {ACM},
  volume = {},
  number = {},
  series = {},
  month = oct,
  note = {}
}

@ARTICLE{Trefethen13,
  author = {Trefethen, Anne E. and Thiyagaligam, Jeyarajan},
  title = {{Energy-Aware Software: Challenges, Opportunities and Strategies}},
  journal = {{Journal of Computational Science}},
  publisher = {Elsevier},
  year = 2013,
  volume = 4,
  number = 6,
  pages = {444--449},
  month = nov,
  note = {}
}

@INPROCEEDINGS{Card85,
  author = {Card, David N. and Page, Gerald T. and McGarry, Frank E.},
  title = {{Criteria for Software Modularization}},
  booktitle = {{Proceedings of the 8th International Conference on Software Engineering (ICSE'85)}},
  year = 1985,
  editor = {Lehman, Meir M. and H\"unke, Horst and Boehm, Barry},
  pages = {372--377},
  address = {London, United Kingdom},
  organization = {},
  publisher = {IEEE},
  volume = {},
  number = {},
  series = {},
  month = aug,
  note = {}
}

@INPROCEEDINGS{Kim10,
  author = {Kim, Chang Hwan Peter and Bodden, Eric and Batory, Don and Khurshid, Sarfraz},
  title = {{Reducing Configurations to Monitor in a Software Product Line}},
  booktitle = {{Proceedings of the First International Conference on Runtime Verification (RV'10)}},
  year = 2010,
  editor = {Barringer, Howard and Falcone, Ylies and Finkbeiner, Bernd and Havelund, Klaus and Lee, Insup},
  pages = {285--299},
  address = {St. Julians, Malta},
  organization = {},
  publisher = {Springer},
  volume = {},
  number = {},
  series = {Lecture Notes in Computer Science 6418},
  month = nov,
  note = {}
}

@ARTICLE{Tiwari94,
  author = {Tiwari, Vivek and Malik, Sharad and Wolfe, Andrew},
  title = {{Power Analysis of Embedded Software: A First Step Towards Software Power Minimization}},
  journal = {{IEEE Transactions on Very Large Scale Integration Systems}},
  publisher = {IEEE},
  year = 1994,
  volume = 2,
  number = 4,
  pages = {437--445},
  month = dec,
  note = {}
}

@INPROCEEDINGS{Tavares08,
  author = {Tavares, Eduardo and Silva, Bruno and Maciel, Paulo},
  title = {{An Environment for Measuring and Scheduling Time-Critical Embedded Systems with Energy Constraints}},
  booktitle = {{Proceedings of the 6th International Conference on Software Engineerig and Formal Methods (SEFM'08)}},
  year = 2008,
  editor = {Cerone, Antonio and Gr\"uner, Stefan},
  pages = {291--300},
  address = {Cape Town, South Africa},
  organization = {},
  publisher = {IEEE},
  volume = {},
  number = {},
  series = {},
  month = nov,
  note = {}
}

@INPROCEEDINGS{Lima16,
  author = {Lima, Lu{\'\i}s Gabriel and Soares-Neto, Francisco and Lieuthier, Paulo and Castor, Fernando and Melfe, Gilberto and Fernandes, Jo{\~a}o Paulo},
  title = {{Haskell in Green Land: Analyzing the Energy Behavior of a Purely Functional Language}},
  booktitle = {{Proceedings of the 23rd International Conference on Software Analysis, Evolution and Reengineering (SANER'16)}},
  year = 2016,
  editor = {Hassan, Ahmed E. and Zimmermann, Thomas and Di Penta, Massimiliano},
  pages = {517--528},
  address = {Osaka, Japan},
  organization = {},
  publisher = {IEEE},
  volume = {},
  number = {},
  series = {},
  month = mar,
  note = {}
}

@ARTICLE{Boehm66,
  author = {B\"ohm, Corrado and Jacopini, Giuseppe},
  title = {{Flow Diagrams, Turing Machines and Languages with Only Two Formation Rules}},
  journal = cacm,
  publisher = {ACM},
  year = 1966,
  volume = 9,
  number = 5,
  pages = {366--371},
  month = may,
  note = {}
}

@ARTICLE{Nunez-Varela17,
  author = {Nu\~nez-Varela, Alberto S. and P\'erez-Gonzalez, H\'ector G. and Mart{\'\i}nez-Perez and Soubervielle-Montalvo, Carlos},
  title = {{Source Code Metrics: A Systematic Mapping Study}},
  journal = {{Journal of Systems and Software}},
  publisher = {Elsevier},
  year = 2017,
  volume = 128,
  number = {},
  pages = {164--197},
  month = jun,
  note = {}
}

@BOOK{Garey79,
  author = {Garey, Michael R. and Johnson, David S.},
  editor = {},
  title = {{Computers and Intractability: A Guide to the Theory of NP-Completeness}},
  publisher = {W.H. Freeman \& Co.},
  year = 1979,
  address = {},
  edition = {},
  volume = {},
  number = {},
  series = {},
  month = jan,
  note = {}
}

@ARTICLE{Grenning02,
  author = {Grenning, James},
  title = {{Planning Poker or How to Avoid Analysis Paralysis While Release Planning}},
  journal = {{Hawthorn Woods: Renaissance Software Consulting}},
  publisher = {},
  year = 2002,
  volume = 3,
  number = {},
  pages = {22--23},
  month = aug,
  note = {}
}

@ARTICLE{Diaz11b,
  author = {D{\'\i}az, Jessica and P\'erez, Jennifer and Alarc\'on, Pedro P. and Garbajosa, Juan},
  title = {{Agile Product Line Engineering---A Systematic Literature Review}},
  journal = {{Software---Practice and Experience}},
  publisher = {Wiley and son},
  year = 2011,
  volume = 41,
  number = {},
  pages = {921--941},
  month = may,
  note = {}
}

@INPROCEEDINGS{Diaz11,
  author = {D{\'\i}az, Jessica and P\'erez, Jenifer and Yag\"ue, Agust{\'\i}n and Garbajosa, Juan},
  title = {{Tailoring the Scrum Development Process to Address Agile Product Line Engineering}},
  booktitle = {{Actas de las XVI Jornadas de Ingeniería del Software y Bases de Datos (JISBD'11)}},
  year = 2011,
  editor = {Mu\~noz, Coral Calero and Places, \'Angeles Saavedra},
  pages = {457--470},
  address = {A Coru\~na, Spain},
  organization = {},
  publisher = {},
  volume = {},
  number = {},
  series = {},
  month = sep,
  note = {}
}

@TECHREPORT{Sadilek09,
  author = {Sadilek, Daniel A. and Scheidgen, Markus and Wachsmuth, Guido and Wei{\ss}leder, Stephan},
  title = {{Towards Agile Language Engineering}},
  institution = {Humboldt-Universität zu Berlin},
  year = 2009,
  type = {},
  number = {},
  address = {Berlin, Germany},
  month = {},
  doi = {https://doi.org/10.18452/2485},
  note = {}
}

@ARTICLE{Jayatilleke18,
  author = {Jayatilleke, Shalinka and Lai, Richard},
  title = {{A Systematic Review of Requirements Change Management}},
  journal = {{Information and Sofware Technology}},
  publisher = {Elsevier},
  year = 2018,
  volume = 93,
  number = {},
  pages = {163--185},
  month = jan,
  note = {}
}

@ARTICLE{Sen97,
  author = {Sen, Arun},
  title = {{The Role of Opportunism in the Software Design Reuse Process}},
  journal = ieeese,
  publisher = {IEEE},
  year = 1997,
  volume = 23,
  number = 7,
  pages = {418--436},
  month = jul,
  note = {}
}

@ARTICLE{Makitalo20,
  author = {M\"akitalo, Niko and Taivalsaari, Antero and Kiviluoto, Arto and Mikkonen, Tommi and Capilla, Rafael},
  title = {{On Opportunistic Software Reuse}},
  journal = {{Computing}},
  publisher = {Springer},
  year = 2020,
  volume = 102,
  number = 11,
  pages = {2385--2408},
  month = nov,
  note = {}
}

@ARTICLE{Brewka16,
  author = {Brewka, Gerhard and Eiter, Thomas and Truszczy\'nski, Miroslaw},
  title = {{Answer Set Programming: An Introduction to the Special Issue}},
  journal = {{AI Magazine}},
  publisher = {AAAI},
  year = 2016,
  volume = 37,
  number = 3,
  pages = {5--6},
  month = oct,
  note = {}
}

@INPROCEEDINGS{Selic05,
  author = {Selic, Bram},
  title = {{On Software Platforms, Their Modeling with UML\,2, and Platform-Independent Design}},
  booktitle = {{Proceedings of the 8th IEEE International Symposium on Object-Oriented Real-Time Distributed Computing (ISORC'05)}},
  year = 2005,
  editor = {Ghafoor, Arif and Brinkschulte, Uwe and Ramamritham, Krithi and Pettit, Robert G.},
  pages = {15--21},
  address = {Seattle, WA, USA},
  organization = {},
  publisher = {IEEE},
  volume = {},
  number = {},
  series = {},
  month = may,
  note = {}
}

@INPROCEEDINGS{He05,
  author = {He, Chengwan and He, Fei and He, Keqing and Tu, Wenjie},
  title = {{Constructing Platform Independent Models of Web Application}},
  booktitle = {{Proceedings of the International Workshop on Service-Oriented System Engineering (SOSE'05)}},
  year = 2005,
  editor = {Bai, Xiaoying and Xu, Jie},
  pages = {77--81},
  address = {Beijing, China},
  organization = {},
  publisher = {IEEE},
  volume = {},
  number = {},
  series = {},
  month = oct,
  note = {}
}

@TECHREPORT{CondeKind22,
  author = {Conde Kind, Cec{\'\i}lia and Canesche, Michael and Quint\~ao Pereira, Fernando Magno},
  title = {{Jotai: A Methodology for the Generation of Executable C Benchmarks}},
  institution = {Universidade Federal de Minas Gerais},
  year = 2022,
  type = {Technical Report},
  number = {02-2022},
  address = {},
  month = feb,
  note = {}
}

@ARTICLE{Meyer92,
  author = {Mayer, Bertrand},
  title = {{Applying `Design by Contract'}},
  journal = {{Computer}},
  publisher = {IEEE},
  year = 1992,
  volume = 25,
  number = 10,
  pages = {40--51},
  month = oct,
  note = {}
}

