@string{TAPOS=	"Theory and Practice of Object Systems"}
@string{ieeese= "IEEE Transactions on Software Engineering"}
@string{cacm= "Communications of the ACM"}

@INPROCEEDINGS{DinhTrong06,
  author = {Dinh-Trong, Trung T. and Ghosh, Sudipto and France, Robert B.},
  title = {{A Systematic Approach to Generate Inputs to Test UML Design Models}},
  booktitle = {{Proceedings of the 17th International Symposium on Software Reliability Engineering (ISSRE'06)}},
  year = 2006,
  editor = {Smidts, C. and Paradkar, A.},
  pages = {95--104},
  address = {Raleigh, NC, USA},
  organization = {},
  publisher = {IEEE},
  volume = {},
  number = {},
  series = {},
  month = nov,
  note = {}
}

@INPROCEEDINGS{Rothermel99,
  author = {Rothermel, Gregg and Untch, Roland H. and Chu, Chengyun and Harrold, Mary Jean},
  title = {{Test Case Prioritization: An Empirical Study}},
  booktitle = {{Proceedings of the International Conference on Software Maintenance (ICSM'99)}},
  year = 1999,
  editor = {},
  pages = {179--188},
  address = {Oxford, UK},
  organization = {},
  publisher = {IEEE Computer Society},
  volume = {},
  number = {},
  series = {},
  month = aug#"/"#sep,
  note = {}
}

@ARTICLE{Heumann01,
  author = {Heumann, Jim},
  title = {{Generating Test Cases From Use Cases}},
  journal = {{The Rational Edge}},
  year = 2001,
  volume = {},
  number = {},
  pages = {},
  month = jun,
  note = {}
}

@ARTICLE{Ma05,
  author = {Ma, Yu-Seung and Offutt, Jeff and Kwon, Yong Rae},
  title = {{MuJava: An Automated Class Mutation System}},
  journal = {{Software Testing, Verification \& Reliability}},
  publisher = {{John Wiley and Sons Ltd.}},
  year = 2005,
  volume = 15,
  number = 2,
  pages = {97--133},
  month = jun,
  note = {}
}

@INPROCEEDINGS{Ma06,
  author = {Ma, Yu-Seung and Offutt, Jeff and Kwon, Yong Rae},
  title = {{MuJava: An Automated Class Mutation System}},
  booktitle = {{Proceedings of the 28th International Conference on Software Engineering (ICSE'06)}},
  year = 2006,
  editor = {},
  pages = {827--830},
  address = {Shanghai, China},
  organization = {},
  publisher = {ACM},
  volume = {},
  number = {},
  series = {},
  month = may,
  note = {Demo Paper}
}

@ARTICLE{Yoo12,
  author = {Yoo, Shin and Harman, Mark},
  title = {{Regression Testing Minimization, Selection and Prioritization: A Survey}},
  journal = {{Journal of Software Testing, Verification and Reliability}},
  publisher = {John Wiley and Sons Ltd},
  year = 2012,
  volume = 22,
  number = 2,
  pages = {67--120},
  month = mar,
  note = {}
}

@ARTICLE{Biswas11,
  author = {Biswas, Swarnendu and Mall, Rajib and Satpathy, Manoranjan and Sukumaran, Srihari},
  title = {{Regression Test Selection Techniques: A Survey}},
  journal = {{Informatica}},
  year = 2011,
  volume = 35,
  number = 3,
  pages = {289--321},
  month = {},
  note = {}
}

@ARTICLE{Harrold99,
  author = {Harrold, Mary Jean},
  title = {{Testing Evolving Software}},
  journal = {{Journal of Systems and Software}},
  publisher = {Elsevier},
  year = 1999,
  volume = 47,
  number = 2#"-"#3,
  pages = {173--181},
  month = jul,
  note = {}
}

@INPROCEEDINGS{Leung89,
  author = {Leung, Hareton K. N. and White, Lee J.},
  title = {{Insights into Regression Testing}},
  booktitle = {{Proceedings of the 2nd International Conference on Software Maintenance (ICSM'89)}},
  year = 1989,
  editor = {},
  pages = {60--69},
  address = {Miami, FL, USA},
  organization = {},
  publisher = {IEEE},
  volume = {},
  number = {},
  series = {},
  month = oct,
  note = {}
}

@INPROCEEDINGS{Leung91,
  author = {Leung, Hareton K. N. and White, Lee J.},
  title = {{A Cost Model to Compare Regression Test Strategies}},
  booktitle = {{Proceedings of 4th International Conference on Software Maintenance (ICSM'91)}},
  year = 1989,
  editor = {},
  pages = {201-208},
  address = {Sorrento, Italy},
  organization = {},
  publisher = {IEEE},
  volume = {},
  number = {},
  series = {},
  month = oct,
  note = {}
}

@INPROCEEDINGS{Farooq10,
  author = {Farooq, Qurat-ul-ann and Iqbal, Muhammad Zohaib Z. and I Malik, Zafar and Riebisch, Matthias},
  title = {{A Model-Based Regression Testing Approach for Evolving Software Systems with Flexible Tool Support}},
  booktitle = {{Proceedings of the 17th IEEE International Conference and Workshops on Engineering of Computer-Based Systems (ECBS'10)}},
  year = 2010,
  editor = {},
  pages = {41--49},
  address = {Oxford, UK},
  organization = {},
  publisher = {IEEE},
  volume = {},
  number = {},
  series = {},
  month = mar,
  note = {}
}

@INPROCEEDINGS{Zech12,
  author = {Zech, Philipp and Felderer, Michael and Kalb, Philipp and Breu, Ruth},
  title = {{A Generic Platform for Model-Based Regression Testing}},
  booktitle = {{Proceedings of the 5th International Symposium on Leveraging Applications of Formal Methods, Verification and Validation (ISoLA'12)}},
  year = 2012,
  editor = {Margaria, Tiziana and Steffen, Bernhard},
  pages = {112-126},
  address = {Heraclion, Crete},
  organization = {},
  publisher = {Springer},
  volume = {},
  number = {},
  series = {Lecture Notes in Computer Science 7609},
  month = oct,
  note = {}
}

@ARTICLE{Zech17,
  author = {Zech, Philipp and Kalb, Philipp and Felderer, Michael and Atkinson, Colin and Breu, Ruth},
  title = {{Model-Based Regression Testing by OCL}},
  journal = {{International Journal on Software Tools for Technology Transfer}},
  publisher = {Springer},
  year = 2017,
  volume = 19,
  number = 1,
  pages = {115--131},
  month = feb,
  note = {}
}

@INPROCEEDINGS{Harrold94,
  author = {Harrold, Mary Jean and Rothermel, Gregg},
  title = {{Performing Data Flow Testing on Classes}},
  booktitle = {{Proceedings of the 2nd ACM SIGSOFT Symposium on Foundations of Software Engineering (FSE'94)}},
  year = 1994,
  editor = {Adrion, W. Richards and Wile, David},
  pages = {154--163},
  address = {New Orleans, LA, USA},
  organization = {},
  publisher = {ACM},
  volume = {},
  number = {},
  series = {},
  month = dec,
  note = {}
}

@ARTICLE{Gallagher06,
  author = {Gallagher, Leonard and Offutt, Jeff and Cincotta, Anthony},
  title = {{Integration Testing of Object-Oriented Components Using Finite State Machines}},
  journal = {{Journal of Software Testing, Verification \& Reliability}},
  publisher = {{John Wiley and Sons Ltd.}},
  year = 2006,
  volume = 16,
  number = 4,
  pages = {215--266},
  month = dec,
  note = {}
}

@INPROCEEDINGS{Soetens13,
  author = {Soetens, Quinten David and Demeyer, Serge and Zaidman, Andy},
  title = {{Change-Based Test Selection in the Presence of Developer Tests}},
  booktitle = {{Proceedings of the 17th European Conference on Software Maintenance and Reengineering (CSMR'13)}},
  year = 2013,
  editor = {Cleve, Anthony and Ricca, Filippo},
  pages = {101-110},
  address = {Genoa, Italy},
  organization = {},
  publisher = {IEEE},
  volume = {},
  number = {},
  series = {},
  month = mar,
  note = {}
}

@ARTICLE{Soetens15,
  author = {Soetens, Quinten David and Demeyer, Serge and Zaidman, Andy and P\'erez, Javier},
  title = {{Change-Based Test Selection: An Empirical Evaluation}},
  journal = {{Empirical Software Engineering}},
  publisher = {Springer},
  year = 2015,
  volume = {},
  number = {},
  pages = {1--43},
  month = nov,
  note = {}
}

@INPROCEEDINGS{Oriat05,
  author = {Oriat, Catherine},
  title = {{Jartege: A Tool for Random Generation of Unit Tests for Java Classes}},
  booktitle = {{Proceedings of the First International Conference on the Quality of Software Architectures (QoSA'05)}},
  year = 2005,
  editor = {},
  pages = {242--256},
  address = {Erfurt, Germany},
  organization = {},
  publisher = {Springer},
  volume = {},
  number = {},
  series = {Lecture notes in Computer Science 3712},
  month = sep,
  note = {}
}

@INPROCEEDINGS{White97,
  author = {White, Lee J. and Abdullah, Khalil},
  title = {{A Firewall Approach for Regression Testing of Object-Oriented Software}},
  booktitle = {{Proceedings of the 10th International Software Quality Week (QW'97)}},
  year = 1997,
  editor = {},
  pages = {},
  address = {San Francisco, CA, USA},
  organization = {},
  publisher = {},
  volume = {},
  number = {},
  series = {},
  month = may,
  note = {}
}

@INPROCEEDINGS{Alalfi09,
  author = {Alalfi, Manar H. and Cordy, James R. and Dean, Thomas R.},
  title = {{Automated Reverse Engineering of UML Sequence Diagrams for Dynamic Web Applications }},
  booktitle = {{Proceedings of the International Conference on  Software Testing, Verification and Validation Workshops (ICSTW'09)}},
  year = 2009,
  editor = {},
  pages = {287--294},
  address = {Denver, CO, USA},
  organization = {},
  publisher = {IEEE},
  volume = {},
  number = {},
  series = {},
  month = apr,
  note = {}
}

@ARTICLE{Briand09,
  author = {Briand, Lionel C. and Labiche, Yvan and He, Siyaun},
  title = {{Automating Regression Test Selection Based on UML Designs}},
  journal = {{Journal on Information and Software Technology}},
  publisher = {Elsevier},
  year = 2009,
  volume = 51,
  number = 1,
  pages = {16--30},
  month = jan,
  note = {}
}

@ARTICLE{Jia11,
  author = {Jia, Yue and Harman, Mark},
  title = {{An Analysis and Survey of the Development of Mutation Testing}},
  journal = ieeese,
  publisher = {IEEE},
  year = 2011,
  volume = 37,
  number = 5,
  pages = {649--678},
  month = sep,
  note = {}
}

@INPROCEEDINGS{Chen02,
  author = {Chen, Yanping and Probert, Robert L. and Sims, D. Paul},
  title = {{Specification-Based Regression Test Selection with Risk Analysis}},
  booktitle = {{Proceedings of the Conference of the Centre for Advanced Studies on Collaborative Research (CASCON'02)}},
  year = 2002,
  editor = {Stewart, Darlen A. and Johnson, J. Howard},
  pages = {1--14},
  address = {},
  organization = {},
  publisher = {IBM Press},
  volume = {},
  number = {},
  series = {},
  month = sep,
  note = {}
}

@INPROCEEDINGS{Vokolos98,
  author = {Vokolos, Filippos and Frankl, Phyllis G.},
  title = {{Empirical Evaluation of the Textual Differencing Regression Testing Technique}},
  booktitle = {{Proceedings of the International Conference on Software Maintenance (SM'98)}},
  year = 1998,
  editor = {},
  pages = {44--53},
  address = {Bethesda, MD, USA},
  organization = {},
  publisher = {},
  volume = {},
  number = {},
  series = {},
  month = nov,
  note = {}
}

@ARTICLE{Kung96,
  author = {Kung, David C. and Gao, Jerry and Hsia, Pei and Toyoshima, Yasufumi and Chen, Cris},
  title = {{On Regression Testing of Object-Oriented Programs}},
  journal = {{Journal of Systems and Software}},
  publisher = {Elsevier},
  year = 1996,
  volume = 32,
  number = 1,
  pages = {21--40},
  month = jan,
  note = {}
}

@ARTICLE{Jang01,
  author = {Jang, Yoon Kyu and Munro, Malcolm and Kwon, Yong Rae},
  title = {{An Improved Method of Selecting Regression Tests for C++ Programs}},
  journal = {{Journal of Software Maintenance and Evolution}},
  publisher = {John Wiley \& Sons},
  year = 2011,
  volume = 13,
  number = 5,
  pages = {331--350},
  month = sep#"/"#oct,
  note = {}
}

@INPROCEEDINGS{Harrold01,
  author = {Harrold, Mary Jean and Jones, James A. and Li, Tongyu and Liang, Donglin and Orso, Alessandro and Pennings, Maikel and Sinha, Saurabh and Spoon, S. Alexander and Gujarathi, Ashish},
  title = {{Regression Test Selection for Java Software}},
  booktitle = {{Proceedings of the 16th Conference on Object-Oriented Programming, Systems, Languages, and Applications (OOPSLA'01)}},
  year = 2001,
  editor = {Vlissides, John},
  pages = {312--326},
  address = {Tampa, FL, USA},
  organization = {},
  publisher = {ACM},
  volume = {},
  number = {},
  series = {},
  month = oct,
  note = {}
}

@ARTICLE{Rothermel96,
  author = {Rothermel, Gregg and Harrold, Mary Jean},
  title = {{Analyzing Regression Test Selection Techniques}},
  journal = ieeese,
  publisher = {IEEE},
  year = 1996,
  volume = 22,
  number = 8,
  pages = {529--551},
  month = aug,
  note = {}
}

@ARTICLE{Rothermel00,
  author = {Rothermel, Gregg and Harrold, Mary Jean and Dedhia, Jeinay},
  title = {{Regression Test Selection for C++ Software}},
  journal = {{Software Testing, Verification and Reliability}},
  publisher = {John Wiley \& Sons},
  year = 2000,
  volume = 10,
  number = 2,
  pages = {77--109},
  month = jun,
  note = {}
}

@ARTICLE{Rothermel97,
  author = {Rothermel, Gregg and Harrold, Mary Jean},
  title = {{A Safe, Efficient Regression Test Selection Technique}},
  journal = {{ACM Transactions on Software Engineering and Methodology}},
  publisher = {ACM},
  year = 1997,
  volume = 6,
  number = 2,
  pages = {173--210},
  month = apr,
  note = {}
}

@ARTICLE{Martin08,
  author = {Martin, Robert C. and Melnik, Grigori},
  title = {{Tests and Requirements, Requirements and Tests: A M\"{o}bius Strip}},
  journal = {{IEEE Software}},
  year = 2008,
  volume = 25,
  number = 1,
  pages = {54--59},
  month = jan#"/"#feb,
  note = {}
}

@INPROCEEDINGS{Briand01b,
  author = {Briand, Lionel C. and Labiche, Yvan},
  title = {{A UML-Based Approach to System Testing}},
  booktitle = {{Proceedings of the 4th International Conference on The Unified Modeling Language, Modeling Languages, Concepts, and Tools («UML»'01)}},
  year = 2001,
  editor = {Gogolla, Martin and Kobryn, Cris},
  pages = {194--208},
  address = {Toronto, Ontario, Canada},
  organization = {},
  publisher = {Springer},
  volume = {},
  number = {},
  series = {Lecture Notes in Computer Science 2185},
  month = oct,
  note = {}
}

@INPROCEEDINGS{Offutt99,
  author = {Offutt, Jeff and Abdurazik, Aynur},
  title = {{Generating Tests from UML Specifications}},
  booktitle = {{Proceedings of the 2nd International Conference on The Unified Modeling Language («UML»'99)}},
  year = 1999,
  editor = {France, Robert and Rumpe, Bernhard},
  pages = {416--429},
  address = {Fort Collins, CO, USA},
  organization = {},
  publisher = {Springer},
  volume = {},
  number = {},
  series = {Lecture Notes in Computer Science 1723},
  month = oct,
  note = {}
}

@INPROCEEDINGS{Sarma07,
  author = {Sarma, Monalisa and Hall, Rajib},
  title = {{Automatic Test Case Generation from UML Models}},
  booktitle = {{Proceedings of the 10th International Conference on Information Technology (ICIT'07)}},
  year = 2007,
  editor = {Patra, Priyadarsan and Panda, Preeti Ranjan},
  pages = {196--201},
  address = {Rourkela, India},
  organization = {},
  publisher = {IEEE},
  volume = {},
  number = {},
  series = {},
  month = dec,
  note = {}
}

@ARTICLE{Skoglund07,
  author = {Skoglund, Mats and Runeson, Per},
  title = {{Improving Class Firewall Regression Test Selection by Removing the Class Firewall}},
  journal = {{International Journal of Software Engineering and Knowledge Engineering}},
  year = 2007,
  volume = 17,
  number = 3,
  pages = {359--378},
  month = jun,
  note = {}
}

@ARTICLE{Engstrom10,
  author = {Engstr\"om, Emelie and Runeson, Per and Skoglund, Mats},
  title = {{A Systematic Review on Regression Test Selection Techniques}},
  journal = {{Information and Software Technology}},
  publisher = {Elsevier},
  year = 2010,
  volume = 52,
  number = 1,
  pages = {14--30},
  month = jan,
  note = {}
}

@INPROCEEDINGS{Naslavsky07,
  author = {Naslavsky, Leila and Richardson, Debra J.},
  title = {{Using Traceability to Support Model-Based Regression Testing}},
  booktitle = {{Proceedings of the 22nd IEEE/ACM International Conference on Automated Software Engineering (ASE'07)}},
  year = 2007,
  editor = {Egyed, Alexander and Fischer, Bernd},
  pages = {567--570},
  address = {Atlanta, GA, USA},
  organization = {},
  publisher = {ACM},
  volume = {},
  number = {},
  series = {},
  month = nov,
  note = {}
}

@INPROCEEDINGS{Malz12,
  author = {Malz, Christoph and Jazdi, Nasser and G\"ohner, Peter},
  title = {{Prioritization of Test Cases Using Software Agents and Fuzzy Logic}},
  booktitle = {{Proceedings of the 5th International Conference on Software Testing, Verification and Validation (ICST'12)}},
  year = 2012,
  editor = {Bertolino, Antonia and Labiche, Yvan},
  pages = {483--486},
  address = {Montr\'eal, BC, Canada},
  organization = {},
  publisher = {IEEE},
  volume = {},
  number = {},
  series = {},
  month = apr,
  note = {}
}

@ARTICLE{Xu14,
  author = {Xu, Zhiwei and Gao, Kehan and Khoshgoftaar, Taghi M. and Seliya, Naeem},
  title = {{System Regression Test Planning with a Fuzzy Expert System}},
  journal = {{Information Sciences}},
  publisher = {Elsevier},
  year = 2014,
  volume = 259,
  number = {},
  pages = {532--543},
  month = {},
  note = {}
}

@INPROCEEDINGS{Mirarab07,
  author = {Mirarab, Siavash and Tahvildari, Ladan},
  title = {{A Prioritization Approach for Software Test Cases Based on Bayesian Networks}},
  booktitle = {{Proceedings of the 10th International Conference on Fundamental Approaches to Software Engineering (FASE'07)}},
  year = 2007,
  editor = {Dwyer, Matthew B. and Lopes, Ant\'onia},
  pages = {276--290},
  address = {Braga, Portugal},
  organization = {},
  publisher = {Springer},
  volume = {},
  number = {},
  series = {LNCS 4422},
  month = mar#"/"#apr,
  note = {}
}

@ARTICLE{Mirarab08,
  author = {Mirarab, Siavash and Tahvildari, Ladan},
  title = {{An Empirical Study on Bayesian Network-based Approach for Test Case Prioritization}},
  booktitle = {{Proceedings of the 1st International Conference on Software Testing, Verification and Validation (ICST'08)}},
  year = 2008,
  editor = {Hierons, Rob and Mathur, Aditya},
  pages = {278--287},
  address = {Lillehammer, Norway},
  organization = {},
  publisher = {IEEE},
  volume = {},
  number = {},
  series = {},
  month = apr,
  note = {}
}

@INPROCEEDINGS{Arcuri16,
  author = {Arcuri, Andrea and Campos, Jos\'e and Fraser, Gordon},
  title = {{Unit Test Generation During Software Development: EvoSuite Plugins for Maven, IntelliJ and Jenkins}},
  booktitle = {{Proceedings of the 9th IEEE International Conference on Software Testing, Verification and Validation (ICST'16)}},
  year = 2016,
  editor = {Briand, Lionel and Khurshid, Sarfraz},
  pages = {401--408},
  address = {Chicago, IL, USA},
  organization = {},
  publisher = {IEEE},
  volume = {},
  number = {},
  series = {},
  month = apr,
  note = {}
}

@INPROCEEDINGS{Mao05,
  author = {Mao, Chengying and Lu, Yansheng},
  title = {{Regression Testing for Component-Based Software Systems by Enhancing Change Information}},
  booktitle = {{Proceedings of the 12th Asian-Pacific Software Engineering Conference (APSEC'05)}},
  year = 2005,
  editor = {},
  pages = {611--618},
  address = {Taipei, Taiwan},
  organization = {},
  publisher = {IEEE},
  volume = {},
  number = {},
  series = {},
  month = dec,
  note = {}
}

@INPROCEEDINGS{ArcelliFontana11,
  author = {Arcelli Fontana, Francesca and Mariani, Elia and Mornioli, Andrea and Sormani, Raul and Tonello, Alberto},
  title = {{An Experience Report on Using Code Smells Detection Tools}},
  booktitle = {{Proceedings of the Workshop on Refactoring and Testing Analysis (REFTEST'11)}},
  year = 2011,
  editor = {},
  pages = {450--457},
  address = {Berlin, Germany},
  organization = {},
  publisher = {IEEE},
  volume = {},
  number = {},
  series = {},
  month = mar,
  note = {}
}

@INPROCEEDINGS{Walkinshaw09,
  author = {Walkinshaw, Neil and Derrick, John and Guo, Qiang},
  title = {{Iterative Refinement of Reverse-Engineered Models by Model-Based Testing}},
  booktitle = {{Proceedings of the 2nd International Symposium on Formal Methods (FM'09)}},
  year = 2009,
  editor = {Cavalcanti, Ana and Dams, Dennis R.},
  pages = {305--320},
  address = {Eindhoven, The Netherlands},
  organization = {},
  publisher = {Springer},
  volume = {},
  number = {},
  series = {Lecture Notes on Computer Science 5850},
  month = nov,
  note = {}
}

@INPROCEEDINGS{Rapos15,
  author = {Rapos, Eric J. and Dingel, J\"urgen},
  title = {{Using Fuzzy Logic and Symbolic Execution to Prioritize UML-RT Test Cases}},
  booktitle = {{Proceedings of the 8th International Conference on Software Testing, Verification and Validation (ICST'15)}},
  year = 2015,
  editor = {Fraser, Gordon and Marinov, Darko},
  pages = {},
  address = {Graz, Austria},
  organization = {IEEE},
  publisher = {},
  volume = {},
  number = {},
  series = {},
  month = apr,
  note = {}
}

@INPROCEEDINGS{Korel02,
  author = {Korel, Bogdan and Tahat, Luay Ho and Vaysburg, Boris},
  title = {{Model Based Regression Test Reduction Using Dependence Analysis}},
  booktitle = {{Proceedings of the International Conference on Software Maintenance (ICSM'02)}},
  year = 2002,
  editor = {Antoniol, Giuliano and Baxter, Ira D.},
  pages = {214--223},
  address = {Montr\'eal, Quebec, Canada},
  organization = {},
  publisher = {IEEE},
  volume = {},
  number = {},
  series = {},
  month = oct,
  note = {}
}

@INPROCEEDINGS{Shi14,
  author = {Shi, August and Gyori, Alex and Gligoric, Milos and Zaytsev, Andrey and Marinov, Darko},
  title = {{Balancing Trade-offs in Test-suite Reduction}},
  booktitle = {{Proceedings of the 22nd International Symposium on Foundations of Software Engineering (FSE'14)}},
  year = 2014,
  editor = {Orso, Alessandro and Storey, Margaret-Anne},
  pages = {246--256},
  address = {Hong Kong, China},
  organization = {},
  publisher = {ACM},
  volume = {},
  number = {},
  series = {},
  month = nov,
  note = {}
}

@ARTICLE{Ural13,
  author = {Ural, Hasan and Yenig\"un, H\"usn\"u},
  title = {{Regression Test Suite Selection Using Dependence Analysis}},
  journal = {{Journal of Software: Evolution and Process}},
  publisher = {John Wiley and Sons, Ltd},
  year = 2013,
  volume = 25,
  number = {},
  pages = {681--709},
  month = {},
  note = {}
}

@INPROCEEDINGS{Lity16,
  author = {Lity, Sascha and Morbach, Thomas and Th\"um, Thomas and Schaefer, Ina},
  title = {{Applying Incremental Model Slicing to Product-Line Regression Testing}},
  booktitle = {{Proceedings of the 15th International Conference on Software Reuse (ICSR'16)}},
  year = 2016,
  editor = {Kapitsaki, Georgia M. and Santana de Almeida, Eduardo},
  pages = {3--19},
  address = {Limassol, Cyprus},
  organization = {},
  publisher = {Springer},
  volume = {},
  number = {},
  series = {Lecture Notes in Computer Science 9679},
  month = jun,
  note = {}
}

@INPROCEEDINGS{Gligoric15,
  author = {Gligoric, Milos and Eloussi, Lamyaa and Marinov, Darko},
  title = {{Ekstazi: Lightweight Test Selection}},
  booktitle = {{Proceedings of the 37th IEEE International Conference on Software Engineering (ICSE'15)}},
  year = 2015,
  editor = {Canfora, Gerardo and Elbaum, Sebastian},
  pages = {713--716},
  address = {Florence, Italy},
  organization = {},
  publisher = {IEEE},
  volume = {},
  number = {},
  series = {},
  month = may,
  note = {}
}

@ARTICLE{Runeson06,
  author = {Runeson, Par},
  title = {{A Survey of Unit Testing Practices}},
  journal = {{IEEE Software}},
  publisher = {IEEE},
  year = 2006,
  volume = 23,
  number = 4,
  pages = {22--29},
  month = jul,
  note = {}
}

@INPROCEEDINGS{Legunsen17,
  author = {Legunsen, Owolabi and Shi, August and Marinov, Darko},
  title = {{STARTS: STAtic Regression Test Selection}},
  booktitle = {{Proceedings of the 32nd IEEE/ACM International Conference on Automated Software Engineering (ASE'17)}},
  year = 2017,
  editor = {Di Penta, Massimiliano and Nguyen, Tien N.},
  pages = {949--954},
  address = {Urbana-Champaign, IL, USA},
  organization = {},
  publisher = {IEEE Press},
  volume = {},
  number = {},
  series = {},
  month = oct,
  note = {}
}

@ARTICLE{Rhmann17,
  author = {Rhmann, Wasiur and Saxena, Vipin},
  title = {{Fuzzy Expert System Based Test Cases Prioritization from UML State Machine Diagram using Risk Information}},
  journal = {{International Journal on Mathematical Sciences and Computing}},
  publisher = {MECS Publisher},
  year = 2017,
  volume = 3,
  number = 1,
  pages = {17--27},
  month = jan,
  note = {}
}

@INPROCEEDINGS{Pacheco07,
  author = {Pacheco, Carlos and Ernst, Michael D.},
  title = {{Randoop: Feedback-Directed Random Testing for Java}},
  booktitle = {{Companion to the 22nd Conference on Object-Oriented Programming Systems and Applications (OOPSLA'07)}},
  year = 2007,
  editor = {},
  pages = {815-816},
  address = {Montr\'eal, QC, Canada},
  organization = {},
  publisher = {ACM},
  volume = {},
  number = {},
  series = {},
  month = oct,
  note = {}
}

@INPROCEEDINGS{Ye11,
  author = {Ye, Nan and Chen, Xin and Jiang, Peng and Ding, Wenxu and Li, Xuandong},
  title = {{Automatic Regression Test Selection Based on Activity Diagrams}},
  booktitle = {{Proceedings of the 5th International Conference on Secure Software Integration \& Reliability Improvement Companion (SSIRI-C'11)}},
  year = 2011,
  editor = {},
  pages = {166--171},
  address = {Jeju Island, South Korea},
  organization = {},
  publisher = {IEEE},
  volume = {},
  number = {},
  series = {},
  month = jun,
  note = {}
}

@INPROCEEDINGS{Matalonga17,
  author = {Matalonga, Santiago and Travassos, Guilherme H.},
  title = {{Testing Context-Aware Software Systems: Unchain the Context, Set It Free!}},
  booktitle = {{Proceedings of the 31st Brazilian Symposium on Software Engineering (SBES'17)}},
  year = 2017,
  editor = {Maldonado, Jos\'e Carlos and Cutigi Ferrari, Fabiano},
  pages = {250--254},
  address = {Fortaleza, CE, Brazil},
  organization = {},
  publisher = {ACM},
  volume = {},
  number = {},
  series = {},
  month = sep,
  note = {}
}

@INPROCEEDINGS{Yu18,
  author = {Yu, Tingting and Wang, Ting},
  title = {{A Study of Regression Test Selection in Continuous Integration Environments}},
  booktitle = {{Proceedings of the 29th International Symposium on Software Reliability Engineering (ISSRE'18)}},
  year = 2018,
  editor = {Ghosh, Sudipto and Natella, Roberto},
  pages = {135--143},
  address = {Memphis, TN, USA},
  organization = {},
  publisher = {IEEE},
  volume = {},
  number = {},
  series = {},
  month = oct,
  note = {}
}

@INPROCEEDINGS{Gyori18,
  author = {Gyori, Alex and Legunsen, Owolabi and Hariri, Farah and Marinov, Darko},
  title = {{Evaluating Regression Test Selection Opportunities in a Very Large Open-Source Ecosystem}},
  booktitle = {{Proceedings of the 29th International Symposium on Software Reliability Engineering (ISSRE'18)}},
  year = 2018,
  editor = {Ghosh, Sudipto and Natella, Roberto},
  pages = {112--122},
  address = {Memphis, TN, USA},
  organization = {},
  publisher = {IEEE},
  volume = {},
  number = {},
  series = {},
  month = oct,
  note = {}
}

@INPROCEEDINGS{Azizi18,
  author = {Azizi, Maral and Do, Hyunsook},
  title = {{ReTEST: A Cost Effective Test Case Selection Technique for Modern Software Development}},
  booktitle = {{Proceedings of the 29th International Symposium on Software Reliability Engineering (ISSRE'18)}},
  year = 2018,
  editor = {Ghosh, Sudipto and Natella, Roberto},
  pages = {144--154},
  address = {Memphis, TN, USA},
  organization = {},
  publisher = {IEEE},
  volume = {},
  number = {},
  series = {},
  month = oct,
  note = {}
}

@ARTICLE{Romano18,
  author = {Romano, Simone and Scanniello, Giuseppe and Antoniol, Giuliano and Marchetto, Alessandro},
  title = {{SPIRITuS: a SimPle Information Retrieval regressIon Test Selection approach}},
  journal = {{Information and Software Technology}},
  publisher = {Elsevier},
  year = 2018,
  volume = 99,
  number = {},
  pages = {62--80},
  month = jul,
  note = {}
}

@INPROCEEDINGS{Busjaeger16,
  author = {Busjaeger, Benjamin and Xie, Tao},
  title = {{Learning for Test Prioritization: An Industrial Case Study}},
  booktitle = {{Proceedings of the 24th International Symposium on Foundations of Software Engineering (FSE'16)}},
  year = 2016,
  editor = {Cleland-Huang, Jane and Su, Zhendong},
  pages = {975--980},
  address = {Seattle, WA, USA},
  organization = {},
  publisher = {ACM},
  volume = {},
  number = {},
  series = {},
  month = nov,
  note = {}
}

@INPROCEEDINGS{Coles16,
  author = {Coles, Henry and Laurent, Thomas and Henard, Christopher and Papadakis, Mike and Ventresque, Anthony},
  title = {{PIT: A Practical Mutation Testing Tool for Java}},
  booktitle = {{Proceedings of the 25th International Symposium on Software Testing and Analysis (ISSTA'16)}},
  year = 2016,
  editor = {Roychoudhury, Abhik},
  pages = {449--452},
  address = {Saarbr\"ucken, Germany},
  organization = {},
  publisher = {ACM},
  volume = {},
  number = {},
  series = {},
  month = jul,
  note = {}
}

@INPROCEEDINGS{Andrews05,
  author = {Andrews, James H. and Briand, Lionel C. and Labiche, Yvan},
  title = {{Is Mutation an Appropriate Tool for Testing Experiments?}},
  booktitle = {{Proceedings of the 27th International Conference on Software Engineering (ICSE'05)}},
  year = 2005,
  editor = {Griswold, William and Nuseibeh, Bashar},
  pages = {402--411},
  address = {Saint Louis, MO, USA},
  organization = {},
  publisher = {IEEE},
  volume = {},
  number = {},
  series = {},
  month = may,
  note = {}
}

@MISC{naveh2011jgrapht,
  title={{JGraphT a Free Java Graph Library}},
  author={Naveh, Barak and Sichi, JV},
  journal={Publ. web site Endnote RIS file},
  year={2011}
}

@INPROCEEDINGS{Legunsen16,
  author = {Legunsen, Owolabi and Hariri, Farah and Shi, August and Lu, Yafeng and Zhang, Lingming and Marinov, Darko},
  title = {{An Extensive Study of Static Regression Test Selection in Modern Software Evolution}},
  booktitle = {{Proceedings of the 2016 24th ACM SIGSOFT International Symposium on Foundations of Software Engineering (FSE'16)}},
  year = 2016,
  editor = {Cleland-Huang, Jane and Su, Zhendong},
  pages = {583--594},
  address = {Seattle, WA, USA},
  organization = {},
  publisher = {ACM},
  volume = {},
  number = {},
  series = {},
  month = nov,
  note = {}
}

@INPROCEEDINGS{Gligoric15b,
  author = {Gligoric, Milos and Eloussi, Lamyaa and Marinov, Darko},
  title = {{Practical Regression Test Selection with Dynamic File Dependencies}},
  booktitle = {{Proceedings of the 2015 International Symposium on Software Testing and Analysis (ISSTA'15)}},
  year = 2015,
  editor = {},
  pages = {211--222},
  address = {Baltimore, MD, USA},
  organization = {},
  publisher = {ACM},
  volume = {},
  number = {},
  series = {},
  month = jul,
  note = {}
}

@INPROCEEDINGS{DiasNeto07,
  author = {Dias Neto, Arilo C. and Subramanyan, Rajesh and Vieira, Marlon and Travassos, Guilherme H.},
  title = {{A Survey on Model-Based Testing Approaches: A Systematic Review}},
  booktitle = {{Proceedings of the 1st ACM International Workshop on Empirical Assessment of Software Engineering Languages and Technologies (WEASELTech'07)}},
  year = 2007,
  editor = {},
  pages = {31--36},
  address = {Atlanta, GE, USA},
  organization = {},
  publisher = {ACM},
  volume = {},
  number = {},
  series = {},
  month = nov,
  note = {}
}

@ARTICLE{Shirole13,
  author = {Shirole, Mahesh and Kumar, Rajeev},
  title = {{UML Behavioral Model Based Test Case Generation: A Survey}},
  journal = {{ACM SIGSOFT Software Engineering Notes}},
  publisher = {ACM},
  year = 2013,
  volume = 38,
  number = 4,
  pages = {1--13},
  month = jul,
  note = {}
}

@BOOK{Baker07,
  author = {Baker, Paul and Dai, Zhen Ru and Grabowski, Jens and Haugen, \Oystein and Schieferdecker, Ina and Williams, Clay},
  editor = {},
  title = {{Model-Driven Testing: Using the UML Testing Profile}},
  publisher = {Springer},
  year = 2007,
  address = {},
  edition = {},
  volume = {},
  number = {},
  series = {},
  month = apr,
  note = {}
}

@ARTICLE{BeziersLaFosse19,
  author = {B\'eziers la Fosse, Thibault and Mottu, Jean-Marie and Tisi, Massimo and Suny\'e, Gerson},
  title = {{Source-Code Level Regression Test Selection: The Model-Driven Way}},
  journal = {{Journal of Object Technology}},
  publisher = {AiTO},
  year = 2019,
  volume = 18,
  number = {},
  pages = {13:1--20},
  month = {},
  note = {}
}

@ARTICLE{Godefroid12,
  author = {Godefroid, Patrice and Levin, Michael Y. and Molnar, David},
  title = {{SAGE: Whitebox Fuzzing for Security Testing}},
  journal = cacm,
  publisher = {ACM},
  year = 2012,
  volume = 55,
  number = 3,
  pages = {40--44},
  month = mar,
  note = {}
}

@INPROCEEDINGS{Dawson08,
  author = {Dawson, Michael and Thwaite, Paul},
  title = {{Testing Class Libraries for RTSJ Safety}},
  booktitle = {{Proceedings of the 6th International Workshop on Java Technologies for Real-Time and Embedded Systems (JTRES'08)}},
  year = 2008,
  editor = {},
  pages = {61--67},
  address = {Santa Clara, CA, USA},
  organization = {},
  publisher = {ACM},
  volume = {},
  number = {},
  series = {},
  month = sep,
  note = {}
}

@INPROCEEDINGS{Celik17,
  author = {Celik, Ahmet and Pai Sreepathi and Khurshid, Sarfraz and Gligoric, Milos},
  title = {{Bounded Exhaustive Test-Input Generation on GPUs}},
  booktitle = {{Proceedings of the 32nd Conference on Object-Oriented Programming, Systems, Languages, and Applications (OOPSLA'17)}},
  year = 2017,
  editor = {Aldrich, Jonathan},
  pages = {},
  address = {Vancouver, BC, Canada},
  organization = {},
  publisher = {ACM},
  volume = {},
  number = {},
  series = {},
  month = oct,
  note = {}
}

@INPROCEEDINGS{Celik17b,
  author = {Celik, Ahmet and Vasic, Marko and Milicevic, Aleksandar and Gligoric, Milos},
  title = {{Regression Test Selection across JVM Boundaries}},
  booktitle = {{Proceedings of the 11th Joint Meeting on Foundations of Software EngineeringAugust}},
  year = 2017,
  editor = {van Deursen, Arie and Zisman, Andrea},
  pages = {809--820},
  address = {Paderborn, Germany},
  organization = {},
  publisher = {ACM},
  volume = {},
  number = {},
  series = {},
  month = aug,
  note = {}
}

@INPROCEEDINGS{Donaldson17,
  author = {Donaldson, Alaistair and Evrard, Hugues and Lascu, Andrei and Thomson, Paul},
  title = {{Automated Testing of Grapics Shader Compilers}},
  booktitle = {{Proceedings of the 32nd Conference on Object-Oriented Programming, Systems, Languages, and Applications (OOPSLA'17)}},
  year = 2017,
  editor = {Aldrich, Jonathan},
  pages = {},
  address = {Vancouver, BC, Canada},
  organization = {},
  publisher = {ACM},
  volume = {},
  number = {},
  series = {},
  month = oct,
  note = {}
}

@INPROCEEDINGS{Wang18,
  author = {Wang, Kaiyuan and Zhu, Chenguang and Celik, Ahmet and Kim, Jongwook and Batory, Don and Glicoric, Milos},
  title = {{Towards Refactoring-Aware Regression Test Selection}},
  booktitle = {{Proceedings of the 40th International Conference on software Engineering (ICSE'18)}},
  year = 2018,
  editor = {Chechik, Marsha},
  pages = {233--244},
  address = {Gothenburg, Sweden},
  organization = {},
  publisher = {ACM},
  volume = {},
  number = {},
  series = {},
  month = may#"/"#jun,
  note = {}
}

@ARTICLE{Johnson07,
  author = {Johnson, Michael J. and Ho, Chih-Wei and Maximilien, E. Michael and Williams, Laurie},
  title = {{Incorporate Performance Testing in Test-Driven Development}},
  journal = {{IEEE Software}},
  publisher = {IEEE},
  year = 2007,
  volume = 24,
  number = 3,
  pages = {67--73},
  month = may#"-"#jun,
  note = {}
}

@INPROCEEDINGS{Stefan17,
  author = {Stefan, Petr and Hork\'y, Vojt\v{e}ch and Bulej, Lubom{\'\i}r and T\r{u}ma, Petr},
  title = {{Unit Testing Performance in Java Projects: Are We There Yet?}},
  booktitle = {{Proceedings of the 8th ACM/SPEC on International Conference on Performance Engineering (ICPE'17)}},
  year = 2017,
  editor = {Koziolek, Anne and Smirni, Evgenia and Poess, Meikel},
  pages = {401--412},
  address = {L'Aquila, Italy},
  organization = {},
  publisher = {ACM},
  volume = {},
  number = {},
  series = {},
  month = apr,
  note = {}
}

@ARTICLE{Bulej17,
  author = {Bulej, Lubom{\'\i}r and Bure\v{s}, Tom\'a\v{s} and Hork\'y, Vojt\v{e}ch and Kotr\v{c}, Jaroslav and Marek, Luk\'a\v{s} and Troj\'anek, Tom\'a\v{s} and T\r{u}ma, Petr},
  title = {{Unit Testing Performance with Stochastic Performance Logic}},
  journal = {{Automated Software Engineering}},
  publisher = {Springer},
  year = 2017,
  volume = 24,
  number = {},
  pages = {139--187},
  month = mar,
  note = {}
}

@INPROCEEDINGS{Bhattacharyya18,
  author = {Bhattacharyya, Arnamoy and Amza, Cristiana},
  title = {{PReT: A Tool for Automatic Phase-Based Regression Testing}},
  booktitle = {{Proceedings of the 10th IEEE International Conference on Cloud Computing Technology and Science (CloudCom'18)}},
  year = 2018,
  editor = {},
  pages = {284--289},
  address = {Nicosia, Cyprus},
  organization = {},
  publisher = {IEEE},
  volume = {},
  number = {},
  series = {},
  month = dec,
  note = {}
}

@INPROCEEDINGS{Nagy08,
  author = {Nagy, Tam\'as and V{\'\i}g, Anik\'o Nagyn\'e},
  title = {{Erlang Testing and Tools Survey}},
  booktitle = {{Proceedings of the 7th ACM International workshop on ERLANG (Erlang'08)}},
  year = 2008,
  editor = {Horv\'ath, Zolt\'an},
  pages = {21--28},
  address = {Victoria, BC, Canada},
  organization = {},
  publisher = {ACM},
  volume = {},
  number = {},
  series = {},
  month = sep,
  note = {}
}

@INPROCEEDINGS{Slaski19,
  author = {\'Slaski, Micha\l and Turek, Wojciech},
  title = {{Towards Online Profiling of Erlang Systems}},
  booktitle = {{Proceedings of the 18th ACM International Workshop on Erlang (ERLANG'19)}},
  year = 2019,
  editor = {Francalanza, Adrian and F\"ord\H{o}s, Vikt\'oria},
  pages = {13--17},
  address = {Berlin, Germany},
  organization = {},
  publisher = {ACM},
  volume = {},
  number = {},
  series = {},
  month = aug,
  note = {}
}

@INPROCEEDINGS{Gomori17,
  author = {G\"om\"ori, P\'eter},
  title = {{Profiling and Tracing for All with Xprof}},
  booktitle = {{Proceedings of the Elixir Workshop London}},
  year = 2017,
  editor = {},
  pages = {},
  address = {London, United Kingdom},
  organization = {},
  publisher = {},
  volume = {},
  number = {},
  series = {},
  month = jun,
  note = {}
}

@ARTICLE{Garousi18,
  author = {Garousi, Vahid and Federer, Michael and Karapi\c{c}ak, \c{C}a\v{g}r{\i} and Y{\i}lmaz, U\v{g}ur},
  title = {{Testing Embedded Software: A Survey of the Literature}},
  journal = {{Information and Software Technology}},
  publisher = {Elsevier},
  year = 2018,
  volume = 104,
  number = {},
  pages = {14--45},
  month = dec,
  note = {}
}

@INPROCEEDINGS{Lam17,
  author = {Lam, An Ngoc and Nguyen, Anh Tuan and Nguyen, Hoan Anh and Nguyen, Tien N.},
  title = {{Bug Localization with Combination of Deep Learning and Information Retrival}},
  booktitle = {{Proceedings of the 25th International Conference on Program Comprehension (ICPC'17)}},
  year = 2017,
  editor = {Lo, David and Serebrenik, Alexander},
  pages = {218--229},
  address = {Buenos Aires, Argentina},
  organization = {},
  publisher = {IEEE},
  volume = {},
  number = {},
  series = {},
  month = may,
  note = {}
}

@INPROCEEDINGS{Ye14,
  author = {Ye, Xin and Bunescu, Razvan and Liu, Chang},
  title = {{Learning to Rank Relevant Files for Bug Reports Using Domain Knowledge}},
  booktitle = {{Proceedings of the 22nd International Symposium on Foundations of Software Engineering (FSE'14)}},
  year = 2014,
  editor = {Orso, Alessandro and Storey, Margaret-Anne D.},
  pages = {689--699},
  address = {Hong Kong, China},
  organization = {},
  publisher = {ACM},
  volume = {},
  number = {},
  series = {},
  month = nov,
  note = {}
}

@ARTICLE{Utting12,
  author = {Utting, Mark and Pretschner, Alexander and Legeard, Bruno},
  title = {{A Taxonomy of Model-Based Testing Approaches}},
  journal = {{Software TEsting, Verification and Reliability}},
  publisher = {Wiley and Sons Ltd.},
  year = 2012,
  volume = 22,
  number = 5,
  pages = {297--312},
  month = aug,
  note = {}
}

@ARTICLE{Madeyski14,
  author = {Madeyski, Lech and Orzeszyna, Yojciech and Torkar, Richard and J\'ozala, Mariusz},
  title = {{Overcoming the Equivalent Mutant Problem: A Systematic Literature Review and a Comparative Experiment of Second Order Mutation}},
  journal = ieeese,
  publisher = {IEEE},
  year = 2014,
  volume = 40,
  number = 1,
  pages = {23--44},
  month = jan,
  note = {}
}

@ARTICLE{Hoffman11,
  author = {Hoffman, Daniel Malcolm and Ly-Gagnon, David and Strooper, Paul and Wang, Hong-Yi},
  title = {{Grammar-Based Test Generation with YouGen}},
  journal = {{Software: Practice and Experience}},
  publisher = {John Wiley \& Sons, Ltd.},
  year = 2011,
  volume = 41,
  number = 4,
  pages = {427--447},
  month = apr,
  note = {}
}

@INPROCEEDINGS{Hodovan18,
  author = {Hodov\'an, Ren\'ata and Kiss, \'Akos and Gyim\'othy, Tibor},
  title = {{Grammarinator: A Grammar-Based Open Source Fuzzer}},
  booktitle = {{Proceedings of the 9th International Workshop on Automating Test Case Design, Selection adn Evaluation (A-TEST'18)}},
  year = 2018,
  editor = {Vos, Tanja W. J. and Getir, Sinem},
  pages = {45--48},
  address = {Lake Buena Vista, FL, USA},
  organization = {},
  publisher = {ACM},
  volume = {},
  number = {},
  series = {},
  month = nov,
  note = {}
}

@INPROCEEDINGS{Han19,
  author = {Han, HyungSeok and Oh, DongHyeon and Cha, Sang Kil},
  title = {{CodeAlchemist: Semantics-Aware Code Generation to Find Vulnerabilities in JavaScript Engines}},
  booktitle = {{Proceedings of the Network and Distributed System Security Symposium (NDSS'19)}},
  year = 2019,
  editor = {Oprea, Alina and Xu, Dongyan},
  pages = {},
  address = {San Diego, CA, USA},
  organization = {},
  publisher = {Internet Society},
  volume = {},
  number = {},
  series = {},
  month = feb,
  note = {}
}

@INPROCEEDINGS{Aschermann19,
  author = {Aschermann, Cornelius and Frassetto, Tommaso and Holz, Thorsten and Jauernig, Patrick and Sadeghi, Ahmad-Reza and Teuchert, Daniel},
  title = {{NAUTILUS: Fishing for Deep Bugs with Grammars}},
  booktitle = {{Proceedings of the Network and Distributed System Security Symposium (NDSS'19)}},
  year = 2019,
  editor = {Oprea, Alina and Xu, Dongyan},
  pages = {},
  address = {San Diego, CA, USA},
  organization = {},
  publisher = {Internet Society},
  volume = {},
  number = {},
  series = {},
  month = feb,
  note = {}
}

@INPROCEEDINGS{Mathis19,
  author = {Mathis, Bj\"orn and Gopinath, Rahul and Mera, Micha\"el and Kampmann, Alexander and H\"oschele, Matthias and Zeller, Andreas},
  title = {{Parser-Directed Fuzzing}},
  booktitle = {{Proceedings of the 40th ACM SIGPLAN Conference on Programming Language Design and Implementation (PLDI'19)}},
  year = 2019,
  editor = {Fischer, Kathleen},
  pages = {548--560},
  address = {Phoenix, AZ, USA},
  organization = {},
  publisher = {ACM},
  volume = {},
  number = {},
  series = {},
  month = jun,
  note = {}
}

@INPROCEEDINGS{Fischer11,
  author = {Fischer, Bernd and L\"ammel, Ralph and Zaytsev, Vadim},
  title = {{Comparison of Context-Free Grammars Based on Parsing Generated Test Data}},
  booktitle = {{Proceedings of the 4th International Conference on Software Language Engineering (SLE'11)}},
  year = 2011,
  editor = {Sloane, Anthony and A{\ss}mann, Uwe},
  pages = {324--343},
  address = {Braga, Portugal},
  organization = {},
  publisher = {Springer},
  volume = {},
  number = {},
  series = {Lecture Notes in Computer Science 6940},
  month = jul,
  note = {}
}

@INPROCEEDINGS{Havrikov19,
  author = {Havrikov, Nikolas and Zeller, Andreas},
  title = {{Systematically Covering Input Structure}},
  booktitle = {{Proceedings of the 34th International Conference on Automated Software Engineering (ASE'19)}},
  year = 2019,
  editor = {Lawall, Julia},
  pages = {189--199},
  address = {San Diego, CA, USA},
  organization = {},
  publisher = {IEEE},
  volume = {},
  number = {},
  series = {},
  month = nov,
  note = {}
}

@ARTICLE{Purdom72,
  author = {Purdom, Paul},
  title = {{A Sentence Generator for Testing Parsers}},
  journal = {{BIT Numerical Mathematics}},
  publisher = {Springer},
  year = 1972,
  volume = 12,
  number = 3,
  pages = {366--375},
  month = sep,
  note = {}
}

@INPROCEEDINGS{Raselimo19,
  author = {Raselimo, Moeketsi and Taljaard, Jan and Fischer, Bernd},
  title = {{Breaking Parsers: Mutation-Based Generation of Programs with Guaranteed Syntax Errors}},
  booktitle = {{Proceedings of the 12th International Conference on Software Language Engineering (SLE'19)}},
  year = 2019,
  editor = {Gray, Jeff and Oliveira, Bruno C. d. S.},
  pages = {83--87},
  address = {Athens, Greece},
  organization = {},
  publisher = {ACM},
  volume = {},
  number = {},
  series = {},
  month = oct,
  note = {}
}

@INPROCEEDINGS{Zelenov05,
  author = {Zelenov, Sergey and Zelenova, Sophia},
  title = {{Automated Generation of Positive and Negative Tests for Parsers}},
  booktitle = {{International Workshop on Formal Approaches to Software TEsting (FATES'05)}},
  year = 2005,
  editor = {Grieskamp, Wolfgang and Weise, Carsten},
  pages = {187--202},
  address = {Edinburgh, United Kingdom},
  organization = {},
  publisher = {Springer},
  volume = {},
  number = {},
  series = {Lecture Notes in Computer Science 3997},
  month = jul,
  note = {}
}

@INPROCEEDINGS{Micco17,
  author = {Micco, John},
  title = {{The State of Continuous Integration Testing @Google}},
  booktitle = {{Keynote at the 10th IEEE International Conference on Software Testing, Verification and Validation (ICST'17)}},
  year = 2017,
  editor = {Schieferdecker, Ina and Washizaki, Hironori},
  pages = {},
  address = {Tokyo, Japan},
  organization = {},
  publisher = {IEEE},
  volume = {},
  number = {},
  series = {},
  month = mar,
  note = {}
}

@INPROCEEDINGS{Vasic17,
  author = {Vasic, Marko and Parvez, Zuhair and Milicevic, Aleksandar and Grigoric, Milos},
  title = {{File-Level vs.\ Module-Level Regression Test Selection for .NET}},
  booktitle = {{Proceedings of the 11th International Symposium on Foundations of Software Engineering (FSE'17)}},
  year = 2017,
  editor = {van Deursen, Arie and Zisman, Andrea},
  pages = {848--853},
  address = {Paderborn, Germany},
  organization = {},
  publisher = {ACM},
  volume = {},
  number = {},
  series = {},
  month = sep,
  note = {}
}

@INPROCEEDINGS{Bozo11,
  author = {Boz\'o, Istv\'an and T\'oth, Melinda},
  title = {{Selecting Erlang Test Cases Using Impact Analysis}},
  booktitle = {{Proceedings of the International Conference on Numerical Analysis and Applied Mathematics (ICNAAM'11)}},
  year = 2011,
  editor = {Simos, Theodore E. and Tsitouras, George Psihoyios Ch. and Anastassi, Zacharias},
  pages = {802--805},
  address = {Halkidiki, Greece},
  organization = {},
  publisher = {AIP},
  volume = {1389},
  number = {},
  series = {},
  month = sep,
  note = {}
}

@INPROCEEDINGS{Harrold08,
  author = {Harrold, Mary Jean},
  title = {{Testing Evolving Software: Current Practice and Future Promise}},
  booktitle = {{Keynote at the 1st Annual India Software Engineering Conference (ISEC'08)}},
  year = 2008,
  editor = {Shroff, Gautam and Jalote, Pankaj and Rajamani, Sriram K.},
  pages = {3--4},
  address = {Hyderabad, India},
  organization = {},
  publisher = {ACM},
  volume = {},
  number = {},
  series = {},
  month = feb,
  note = {}
}

@INPROCEEDINGS{Zhang18,
  author = {Zhang, Lingming},
  title = {{Hybrid Regression Test Selection}},
  booktitle = {{Proceedings of the 40th International Conference on Software Engineering (ICSE'18)}},
  year = 2018,
  editor = {Chechik, Marsha and Harman, Mark},
  pages = {199--209},
  address = {Gothenburg, Sweden},
  organization = {},
  publisher = {IEEE},
  volume = {},
  number = {},
  series = {},
  month = may#"-"#jun,
  note = {}
}

@INPROCEEDINGS{Fu19,
  author = {Fu, Ben and Misailovic, Sasa and Gligoric, Milos},
  title = {{Resurgence of Regression Test Selection for C++}},
  booktitle = {{Proceedings of the 12th Conference on Software Testing, Validation and Verification (ICST'19)}},
  year = 2019,
  editor = {Cohen, Myra and Memon, Atif},
  pages = {323--334},
  address = {Xi'an, China},
  organization = {},
  publisher = {IEEE},
  volume = {},
  number = {},
  series = {},
  month = apr,
  note = {}
}

@ARTICLE{Harrold93,
  author = {Harrold, M. Jean and Gupta, Rajiv and Soffa, Mary Lou},
  title = {{A Methodology for Controlling the Size of a Test Suite}},
  journal = {{Transactions on Software Engineering and Methodology}},
  publisher = {ACM},
  year = 1993,
  volume = 2,
  number = 3,
  pages = {270--285},
  month = jul,
  note = {}
}

@UNPUBLISHED{Parfianowicz17,
  author = {Parfianowicz, Marek},
  title = {{Open Clover}},
  note = {\url{https://openclover.org}},
  year = 2017,
  month = {}
}

@INPROCEEDINGS{Zhu19,
  author = {Zhu, Chenguang and Legunsen, Owolabi and Shi, August and Gligoric, Milos},
  title = {{A Framework for Checking Regression Test Selection Tools}},
  booktitle = {{Proceedings of the 41st International Conference on Software Engineering (ICSE'19)}},
  year = 2019,
  editor = {Bultan, Tevfik and Whittle, Jon},
  pages = {430--441},
  address = {Montr\'eal, QC, Canada},
  organization = {},
  publisher = {IEEE},
  volume = {},
  number = {},
  series = {},
  month = may,
  note = {}
}

@INPROCEEDINGS{Peacock21,
  author = {Peacock, Samuel and Deng, Lin and Dehlinger, Josh and Chakraborty, Suranjan},
  title = {{Automatic Equivalent Mutants Classification Using Abstract Syntax Tree Neural Networks}},
  booktitle = {{Proceedings of the IEEE 14th International Conference on Software Testing, Verification and Validation Workshops (ICSTW'21)}},
  year = 2021,
  editor = {},
  pages = {13--18},
  address = {},
  organization = {},
  publisher = {IEEE},
  volume = {},
  number = {},
  series = {},
  month = apr,
  note = {}
}

@INPROCEEDINGS{VanHijfte21,
  author = {van Hijfte, Lars and Oprescu, Ana},
  title = {{MutantBench: an Equivalent Mutant Problem Comparison Framework}},
  booktitle = {{Proceedings of the IEEE 14th International Conference on Software Testing, Verification and Validation Workshops (ICSTW'21)}},
  year = 2021,
  editor = {},
  pages = {7--12},
  address = {},
  organization = {},
  publisher = {IEEE},
  volume = {},
  number = {},
  series = {},
  month = apr,
  note = {}
}

@INPROCEEDINGS{Kurts16,
  author = {Kurtz, Bob and Ammann, Paul and Offutt, Jeff and Kurtz, Mariet},
  title = {{Are We There Yet? How Redundant and Equivalent Mutants Affect Determination of Test Completeness}},
  booktitle = {{Proceedings of the IEEE 9th International Conference on Software Testing, Verification and Validation Workshops (ICSTW'16)}},
  year = 2016,
  editor = {},
  pages = {142--151},
  address = {Chicago, IL, USA},
  organization = {},
  publisher = {IEEE},
  volume = {},
  number = {},
  series = {},
  month = apr,
  note = {}
}

@INPROCEEDINGS{Devroey17,
  author = {Devroey, Xavier and Perrouin, Gilles and Papadakis, Mike and Legay, Axel and Schobbens, Pierre-Yves and Heymans, Patrick},
  title = {{Automata Language Equivalence vs. Simulations for Model-Based Mutant Equivalence: An Empirical Evaluation}},
  booktitle = {{Proceedings of the 10th IEEE International Conference on Software Testing, Verification and Validation (ICST'17)}},
  year = 2017,
  editor = {Schieferdecker, Ina and Washizaki, Hironori},
  pages = {424--429},
  address = {Tokyo, Japan},
  organization = {},
  publisher = {IEEE},
  volume = {},
  number = {},
  series = {},
  month = mar,
  note = {}
}

@INPROCEEDINGS{Papadakis15,
  author = {Papadakis, Mike and Jia, Yue and Harman, Mark and Le Traon, Yves},
  title = {{Trivial Compiler Equivalence: A Large Scale Empirical Study of a Simple, Fast and Effective Equivalent Mutant Detection Technique}},
  booktitle = {{Proceedings of the 37th IEEE International Conference on Software Engineering (ICSE'15)}},
  year = 2015,
  editor = {Canfora, Gerardo, Elbaum, Sebastian},
  pages = {936--946},
  address = {Florence, Italy},
  organization = {},
  publisher = {IEEE},
  volume = {},
  number = {},
  series = {},
  month = may,
  note = {}
}

@ARTICLE{Kintis18,
  author = {Kintis, Marinos and Papadakis, Mike and Jia, Yue and Malevris, Nicos and Le Traon, Yves and Harman, Mark},
  title = {{Detecting Trivial Mutant Equivalences via Compiler Optimisations}},
  journal = ieeese,
  publisher = {IEEE},
  year = 2018,
  volume = 44,
  number = 4,
  pages = {308--333},
  month = apr,
  note = {}
}

@ARTICLE{Hamlet77,
  author = {Hamlet, Richard G.},
  title = {{Testing Programs with the Aid of a Computer}},
  journal = ieeese,
  publisher = {IEEE},
  year = 1977,
  volume = 3,
  number = 4,
  pages = {279--290},
  month = jul,
  note = {}
}

@ARTICLE{Chen21b,
  author = {Chen, Junjie and Patra, Jibesh and Pradel, Michael and Xiong, Yingfei and Zhang, Hongyu and Hao, Dan and Zhang, Lu},
  title = {{A Survey of Compiler Testing}},
  journal = acmcs,
  publisher = {ACM},
  year = 2021,
  volume = 53,
  number = 1,
  pages = {4:1--4:36},
  month = feb,
  note = {}
}

@ARTICLE{Geist92,
  author = {Geist, Robert and Offutt, A. Jefferson and Harris, Jr, Frederick C.},
  title = {{Estimation adn Enhancement of Real-Time Software Reliability through Mutation Analysis}},
  journal = ieeetc,
  publisher = {IEEE},
  year = 1992,
  volume = 41,
  number = 5,
  pages = {550--558},
  month = may,
  note = {}
}

@ARTICLE{Groce16,
  author = {Groce, Alex and Alipour, Mahammad Amin and Zhang, Chaqiang and Chen, Yang and Regehr, John},
  title = {{Cause Reduction: Delta Debugging, Even without Bugs}},
  journal = {{Journal of Software: Testing, Verification and Reliability}},
  publisher = {John Wiley and Sons Ltd.},
  year = 2016,
  volume = 26,
  number = 1,
  pages = {40--68},
  month = jan,
  note = {}
}

@INPROCEEDINGS{Chen16,
  author = {Chen, Yuting and Su, Ting and Sun, Chengnian and Su, Zhendong and Zhao, Jianjun},
  title = {{Coverage-Directed Differential Testing of JVM Implementations}},
  booktitle = {{Proceedings of the 37th International Conference on Programming Language Design adn Implementation (PLDI'16)}},
  year = 2016,
  editor = {Berger, Emery D.},
  pages = {85--99},
  address = {Santa Barbara, CA, USA},
  organization = {},
  publisher = {ACM},
  volume = {},
  number = {},
  series = {},
  month = jun,
  note = {}
}

@INPROCEEDINGS{Schuler10,
  author = {Schuler, David and Zeller, Andreas},
  title = {{(Un-)Covering Equivalent Mutants}},
  booktitle = {{Proceedings of the 3rd International Conference on Software Testing, Verification and Validation (ICST'10)}},
  year = 2010,
  editor = {Cavalli, Ana Rosa and Ghosh, Sudipto},
  pages = {45--54},
  address = {Paris, France},
  organization = {},
  publisher = {IEEE},
  volume = {},
  number = {},
  series = {},
  month = apr,
  note = {}
}

@INPROCEEDINGS{Hariri18,
  author = {Hariri, Farah and Shi, August},
  title = {{SRCIROR: A Toolset for Mutation Testing of C Source Code and LLVM Intermediate Representation}},
  booktitle = {{Proceedings of the 33rd ACM/IEEE International Conference on Automated Software Engineering (ASE'18)}},
  year = 2018,
  editor = {K\"astner, Christian and Fraser, Gordon},
  pages = {860--863},
  address = {Montpellier, France},
  organization = {},
  publisher = {ACM},
  volume = {},
  number = {},
  series = {},
  month = sep,
  note = {}
}

@ARTICLE{Kossatchev05,
  author = {Kossatchev, Alexander S. and Posypkin, Mikhail A.},
  title = {{Survey of Compiler Testing Methods}},
  journal = {{Programming and Computer Software}},
  publisher = {Springer},
  year = 2005,
  volume = 31,
  number = 1,
  pages = {10--19},
  month = jan,
  note = {}
}

@ARTICLE{DeMillo78,
  author = {DeMillo, Richard A. and Lipton, Richard J. and Sayward, Frederick G.},
  title = {{Hints on Test Data Selection: Help for the Practicing Programmer}},
  journal = {{IEEE Computer}},
  publisher = {IEEE},
  year = 1978,
  volume = 11,
  number = 4,
  pages = {34--41},
  month = apr,
  note = {}
}

@INPROCEEDINGS{Hariri19,
  author = {Hariri, Farah and Shi, August and Fernando, Vimuth and Mahmood, Suleman and Marinov, Darko},
  title = {{Comparing Mutation Testing at the Levels of Source Code and Compiler Intermediate Representation}},
  booktitle = {{Proceedings of the 12th Conference on Software Testing, Validation and Verification (ICST'19)}},
  year = 2019,
  editor = {Cohen, Myra and Memon, Atif},
  pages = {114--124},
  address = {Xi'an, China},
  organization = {},
  publisher = {IEEE},
  volume = {},
  number = {},
  series = {},
  month = apr,
  note = {}
}

@INBOOK{Offutt00,
  author = {Offutt, A. Jefferson and Untch, Roland H.},
  title = {{Mutation 2000: Uniting the Orthogonal}},
  booktitle = {{Mutation Testing for the New Century}},
  chapter = {},
  pages = {34--44},
  publisher = {Springer},
  year = 2001,
  address = {},
  volume = {},
  number = {},
  series = {Advances in Database Systems 24},
  type = {},
  edition = {},
  month = may,
  note = {}
}

@INPROCEEDINGS{Papadakis18,
  author = {Papadakis, Mike and Chekam, Thierry Titcheu and Le Traon, Yves},
  title = {{Mutant Quality Indicators}},
  booktitle = {{Proceedings of the IEEE International Conference on Software Testing, Verification and Validation Workshops (ICSTW'18)}},
  year = 2018,
  editor = {},
  pages = {32--39},
  address = {V\"aster\r{a}s, Sweden},
  organization = {},
  publisher = {IEEE},
  volume = {},
  number = {},
  series = {},
  month = apr,
  note = {}
}

@ARTICLE{Shin18,
  author = {Shin, Donghwan and Yoo, Shin and Bae, Doo-Hwan},
  title = {{A Theoretical and Empirical Study of Diversity-Aware Mutation Adequacy Criterion}},
  journal = ieeese,
  publisher = {IEEE},
  year = 2018,
  volume = 44,
  number = 10,
  pages = {914--931},
  month = oct,
  note = {}
}

@ARTICLE{Smith09,
  author = {Smith, Ben H. and Williams, Laurie},
  title = {{Should Software Testers Use Mutation Analysis to Augment a Test Set?}},
  journal = {{Journal of Systems and Software}},
  publisher = {Elsevier},
  year = 2009,
  volume = 82,
  number = 11,
  pages = {1819--1832},
  month = nov,
  note = {}
}

@TECHREPORT{Lipton71,
  author = {Lipton, Richard},
  title = {{Fault Diagnosis of Computer Programs}},
  institution = {Carnegie Mellon University},
  year = 1971,
  type = {Student Report},
  number = {},
  address = {},
  month = {},
  note = {}
}

@INPROCEEDINGS{Garoche14,
  author = {Garoche, Pierre-Lo{\"\i}c and Howar, Folk and Kahsai, Temesghen and Thirioux, Xavier},
  title = {{Testing-Based Compiler Validation for Synchronous Languages}},
  booktitle = {{Proceedings of the 6th International Symposium on NASA Formal Methods (NFM'14)}},
  year = 2014,
  editor = {Badger, Julia M. and Rozier, Kristin Yvonne},
  pages = {246--251},
  address = {Houston, TX, USA},
  organization = {},
  publisher = {Springer},
  volume = {},
  number = {},
  series = {Lectures Notes in Computer Science 8430)},
  month = apr,
  note = {}
}

@INPROCEEDINGS{Sousa12,
  author = {Sousa, Marcelo and Sen, Alper},
  title = {{Generation of TLM Testbenches Using Mutation Testing}},
  booktitle = {{Proceedings of the eighth IEEE/ACM/IFIP International Conference on Hardware/Software Codesign and System Synthesis (CODES+ISSS'12)}},
  year = 2012,
  editor = {Chang, Naehyuck and Fummi, Franco},
  pages = {323--332},
  address = {Tampere, Finland},
  organization = {},
  publisher = {ACM},
  volume = {},
  number = {},
  series = {},
  month = {},
  note = {}
}

@ARTICLE{Nagai14,
  author = {Nagai, Eriko and Hashimoto, Atsushi and Ishiura, Nagisa},
  title = {{Reinforcing Random Testing of Arithmetic Optimization of C Compilers by Scaling up Size and Number of Expressions}},
  journal = {{Information and Media Technologies}},
  publisher = {J-STAGE},
  year = 2014,
  volume = 9,
  number = 4,
  pages = {456--465},
  month = dec,
  note = {}
}

@INPROCEEDINGS{Shi19,
  author = {Shi, August and Hadzi-Tanovic, Milica and Zhang, Lingming and Marinov, Darko and Legunsen, Owolabi},
  title = {{Reflection-Aware Static Regression Test Selection}},
  booktitle = {{Proceedings of the 34th Conference on Object-Oriented Programming, Systems, Languages, and Applications (OOPSLA'19)}},
  year = 2019,
  editor = {Visser, Eelco},
  pages = {},
  address = {Athens, Greece},
  organization = {},
  publisher = {ACM},
  volume = {},
  number = {},
  series = {},
  month = oct,
  note = {}
}

@INPROCEEDINGS{Denisov18,
  author = {Denisov, Alex and Pankevich, Stanislav},
  title = {{Mull It Over: Mutation Testing Based on LLVM}},
  booktitle = {{Proceedings of the 13th International Workshop on Mutation Analysis (MUTATION'18)}},
  year = 2018,
  editor = {Kintis, Marinos and Li, Nan and Rojas, Jos\'e Miguel},
  pages = {25--31},
  address = {V\"aster\r{a}s},
  organization = {},
  publisher = {IEEE},
  volume = {},
  number = {},
  series = {},
  month = apr,
  note = {}
}

@INPROCEEDINGS{Henard14,
  author = {Henard, Christopher and Papadakis, Mike and Le Traon, Yves},
  title = {{Mutation-Based Generation of Software Product Line Test Configurations}},
  booktitle = {{Proceedings of  the International Symposium on Search Based Software Engineering (SSBSE'14)}},
  year = 2014,
  editor = {Le Goues, Claire and Yoo, Shin},
  pages = {92--106},
  address = {Fortaleza, Brasil},
  organization = {},
  publisher = {Springer},
  volume = {},
  number = {},
  series = {Lecture Notes in Computer Science 8636},
  month = aug,
  note = {}
}

@INPROCEEDINGS{Holler12,
  author = {Holler, Christian and Herzig, Kim and Zeller, Andreas},
  title = {{Fuzzing with Code Fragments}},
  booktitle = {{Proceedings of the 21st USENIX Security Symposium (USENIX'12)}},
  year = 2012,
  editor = {Kohno, Tadayoshi},
  pages = {445--458},
  address = {Bellevue, WA, USAj},
  organization = {},
  publisher = {USENIX Association},
  volume = {},
  number = {},
  series = {},
  month = aug,
  note = {}
}

@INPROCEEDINGS{Elsner22,
  author = {Elsner, Daniel and Wuersching, Roland and Schnappinger, Markus and Pretschner, Alexander and Graber, Maria and Dammer, Ren\'e and Reimer, Silke},
  title = {{Build System Aware Multi-Language Regression Test Selecion in Continuous Integration}},
  booktitle = {{Proceedings of the 44th International Conference on Software Engineering: Software Engineering in Practice (ICSE-SEIP'22)}},
  year = 2022,
  editor = {},
  pages = {},
  address = {Pittsburgh, PA, USA},
  organization = {},
  publisher = {IEEE},
  volume = {},
  number = {},
  series = {},
  month = may,
  note = {}
}

@INPROCEEDINGS{Costa16,
  author = {Costa, Catarina and Figueiredo, Jair and Murta, Leonardo and Sarma, Anita},
  title = {{TIPMerge: Recommending Experts for Integrating Changes across Branches}},
  booktitle = {{Proceedings of the 24th International Symposium on Foundations of Software Engineering (FSE'16)}},
  year = 2016,
  editor = {Cleland-Huang, Jane and Su, Zhendong},
  pages = {523--534},
  address = {Seattle, WA, USA},
  organization = {},
  publisher = {ACM},
  volume = {},
  number = {},
  series = {},
  month = nov,
  note = {}
}

@INPROCEEDINGS{Costa16b,
  author = {Costa, Catarina and Figueiredo, Jair and Sarma, Anita and Murta, Leonardo},
  title = {{TIPMerge: Recommending Experts for Merging Branches}},
  booktitle = {{Proceedings of the 24th International Symposium on Foundations of Software Engineering (FSE'16)}},
  year = 2016,
  editor = {Cleland-Huang, Jane and Su, Zhendong},
  pages = {998--1002},
  address = {Seattle, WA, USA},
  organization = {},
  publisher = {ACM},
  volume = {},
  number = {},
  series = {},
  month = nov,
  note = {}
}

@INPROCEEDINGS{Kauhanen21,
  author = {Kauhanen, Eero and Nurminen, Jukka K. and Mikkonen, Tommi and Pashkovskiy, Matvei},
  title = {{Regression Test Selection Tool for Python in Continuos Integration Process}},
  booktitle = {{Proceedings of the 28th International Conference on Software Analysis, Evolution and Reengineering (SANER'21)}},
  year = 2021,
  editor = {CAi, Yuanfang and Kessentini, Marouane},
  pages = {618--621},
  address = {Honolulu, HI, USA},
  organization = {},
  publisher = {IEEE},
  volume = {},
  number = {},
  series = {},
  month = mar,
  note = {}
}

@ARTICLE{Barbosa01,
  author = {Barbosa, Ellen Francine and Maldonado, Jos\'e Carlos and Rizzo Vincenzi, Auri Marcelo},
  title = {{Toward the Determination of Sufficient Mutant Operators for C}},
  journal = {{Journal of Software: Testing, Verification and Reliability}},
  publisher = {{John Wiley and Sons Ltd.}},
  year = 2001,
  volume = 11,
  number = 2,
  pages = {113--136},
  month = may,
  note = {}
}

@ARTICLE{Dominguez-Jimenez11,
  author = {Dom{\'\i}nguez-Jim\'enez, Juan Jos\'e. and Estero-Botaro, Antonia and Garc{\'\i}a-Dom{\'\i}nguez, Antonio and Medina-Bulo, Immaculada},
  title = {{Evolutionary Mutation Testing}},
  journal = {{Information and Software Technology}},
  publisher = {Elsevier},
  year = 2011,
  volume = 53,
  number = 10,
  pages = {1108--1123},
  month = oct,
  note = {}
}

@ARTICLE{Howden82,
  author = {Howden, William E.},
  title = {{Weak Mutation Testing and Completeness of Test Sets}},
  journal = ieeese,
  publisher = {IEEE},
  year = 1982,
  volume = 8,
  number = 4,
  pages = {371--379},
  month = jul,
  note = {}
}

@INPROCEEDINGS{Jatana16,
  author = {Jatana, Nishtha and Suri and Bharti and Kumar, Prateek and Wadhwa, Bimlesh},
  title = {{Test Suite Reduction by Mutation Testing Mapped to Set Cover Problem}},
  booktitle = {{Proceedings of the 2nd International Conference on Information and Communication Technology for Competiive Strategies (ICTCS'16)}},
  year = 2016,
  editor = {},
  pages = {1--6},
  address = {Udaipur, India},
  organization = {},
  publisher = {ACM},
  volume = {},
  number = {},
  series = {},
  month = mar,
  note = {}
}

@INPROCEEDINGS{Jeffrey05,
  author = {Jeffrey, Dennis and Gupta, Neelam},
  title = {{Test Suite Reduction with Selective Redundancy}},
  booktitle = {{Proceedings of the 21st IEEE International Conference on Software Maintenance (ICSM'05)}},
  year = 2005,
  editor = {Gyimothy, Tibor and Rajlich, Vaclav},
  pages = {549--558},
  address = {Budapest, Hungary},
  organization = {},
  publisher = {IEEE},
  volume = {},
  number = {},
  series = {},
  month = sep,
  note = {}
}

@INPROCEEDINGS{Just11,
  author = {Just, Ren\'e and Schweiggert, Franz and Kapfhammer, Gregory M.},
  title = {{MAJOR: An Efficient and Extensible Tool for Mutation Analysis in a Java Compiler}},
  booktitle = {{Proceedings of the 26th International Conference on Automated Software Engineering (ASE'11)}},
  year = 2011,
  editor = {Pasareanu, Corina and Hosking, John},
  pages = {612--615},
  address = {Lawrence, KS, USA},
  organization = {},
  publisher = {IEEE},
  volume = {},
  number = {},
  series = {},
  month = nov,
  note = {}
}

@INPROCEEDINGS{Offutt91,
  author = {Offutt, A. Jefferson and Lee, Stephen D.},
  title = {{How Strong Is Weak Mutation?}},
  booktitle = {{Proceedings of the 4th Symposium on Testing, Analysis and Verification (TAV'91)}},
  year = 1991,
  editor = {Howden, William E.},
  pages = {200--213},
  address = {Victoria, BC, Canada},
  organization = {},
  publisher = {ACM},
  volume = {},
  number = {},
  series = {},
  month = oct,
  note = {}
}

@ARTICLE{Offutt96,
  author = {Offutt, A. Jefferson and Lee, Ammei and Rothermel, Gregg and Untch, Roland H. and Zapf, Christian},
  title = {{An Experimental Determination of Sufficient Mutant Operators}},
  journal = {{Transaction on Software Engineering and Methodology}},
  publisher = {ACM},
  year = 1996,
  volume = 5,
  number = 2,
  pages = {99--118},
  month = apr,
  note = {}
}

@ARTICLE{Polo09,
  author = {Polo, Macario and Piattini, Mario and Garcia-Rodriguez, Ignacio},
  title = {{Decreasing the Cost of Mutation Testing with Second-Order Mutants}},
  journal = {{Journal of Software: Testing, Verification and Reliability}},
  publisher = {{John Wiley and Sons Ltd.}},
  year = 209,
  volume = 19,
  number = 2,
  pages = {111--131},
  month = jun,
  note = {}
}`

@INPROCEEDINGS{SiamiNamin08,
  author = {Siami Namin, Akbar and Andrews, James H. and Murdoch, Duncan J.},
  title = {{Sufficient Mutation Operators for Measuring Test Effectiveness}},
  booktitle = {{Proceedings of the 30th International Conference on Software Engineering (ICSE'08)}},
  year = 2008,
  editor = {Dwyer, Matthew B. and Gruhn, Volker},
  pages = {351--360},
  address = {Leipzig, Germany},
  organization = {},
  publisher = {IEEE},
  volume = {},
  number = {},
  series = {},
  month = may,
  note = {}
}

@ARTICLE{Usaola10,
  author = {Polo Usaola, Macario and Reales Mateo, Pedro},
  title = {{Mutation Testing Cost Reduction Techniques: A Survey}},
  journal = {{IEEE Software}},
  publisher = {IEEE},
  year = 2010,
  volume = 27,
  number = 3,
  pages = {80--86},
  month = may#"-"#jun,
  note = {}
}

@ARTICLE{Zhang19b,
  author = {Zhang, Jie and Zhang, Lingming and Harman, Mark and Hao, Dan and Jia, Yue and Zhang, Lu},
  title = {{Predictive Mutation Testing}},
  journal = ieeese,
  publisher = {IEEE},
  year = 2019,
  volume = 45,
  number = 9,
  pages = {898--918},
  month = sep,
  note = {}
}

@INPROCEEDINGS{Zhang12,
  author = {Zhang, Lingming and Marinov, Darko and Zhang, Lu and Khurshid, Sarfraz},
  title = {{Regression Mutation Testing}},
  booktitle = {{Proceedings of International Symposium on Software Testing and Analysis (ISSTA'12)}},
  year = 2012,
  editor = {Su, Zhendong},
  pages = {331--341},
  address = {Minneapolis, MN, USA},
  organization = {},
  publisher = {ACM},
  volume = {},
  number = {},
  series = {},
  month = jul,
  note = {}
}

@INPROCEEDINGS{Zhang13,
  author = {Zhang, Lingming and Marinov, Darko and Khurshid, Sarfraz},
  title = {{Faster Mutation Testing Inspired by Test Prioritization and Reduction}},
  booktitle = {{Proceedings of the International Symposium on Software Testing and Analysis (ISSTA'13)}},
  year = 2013,
  editor = {Harman, Mark},
  pages = {235--245},
  address = {Lugano, Switzerland},
  organization = {},
  publisher = {ACM},
  volume = {},
  number = {},
  series = {},
  month = jul,
  note = {}
}

@INPROCEEDINGS{Yang11,
  author = {Yang, Xuejun and Chen, Yang and Eide, Eric and Regehr, John},
  title = {{Finding and Understanding Bugs in C Compilers}},
  booktitle = {{Proceedings of the 32nd Conference on Programming Language Design and Implementation (PLDI'11)}},
  year = 2011,
  editor = {Padua, David},
  pages = {283--294},
  address = {San Jos\`e, CA, USA},
  organization = {},
  publisher = {ACM},
  volume = {},
  number = {},
  series = {},
  month = jun,
  note = {}
}
