@MANUAL{Hoenicke01,
  title = {{JODE: a Java Decompiler and Obfuscator}},
  organization = {Carl von Ossietzky Universit{\"a}t Oldenburg, Department of Computing Science},
  address = {Oldenburg, Germany},
  author = {Hoenicke, Jochen},
  edition = {1.1.2},
  month = {},
  year = 2001,
  note = {Available at \url{http://jode.sourceforge.net}}
}

@TECHREPORT{Teitelman66,
  author = {Warren Teitelman},
  title = {{PILOT: A Step Towards Man-Computer Symbiosis}},
  institution = {Massachusetts Institute of Technology},
  year = 1966,
  type = {Technical Report},
  number = {MIT-LCS-TR-032},
  address = {Cambridge, MA, USA},
  month = {},
  note = {}
}

@misc{OMG05,
  author = "OMG",
  title = "Object Management Group. MOF 2.0 / XMI Mapping Specification v2.1",
  year = 2005
}

@MANUAL{Ludwig04,
  title = {{RECODER}},
  organization = {Universit{\"a}t Karlsruhe},
  address = {Karlsruhe, Germany},
  author = {Ludwig, Andreas and A{\ss}mann, Uwe and Heuzeroth, Dirk and Neumann, Rainer},
  edition = {},
  month = {},
  year = 2004,
  note = {Available at \url{http://recoder.sourceforge.net}}
}

@INPROCEEDINGS{Kelly96,
  author = {Kelly, Steven and Lyytinen, Kalle and Rossi, Matti},
  title = {{MetaEdit+: A Fully Configurable Multi-User and Multi-Tool CASE and CAME Environment}},
  booktitle = {{Proceedings of the 8th International Conference on Advances Information System Engineering (CAiSE'96)}},
  year = 1996,
  editor = {Constantopoulos, Panos and Mylopoulos, John and Vassiliou, Yannis},
  pages = {1--21},
  address = {Heraklion, Greece},
  organization = {},
  publisher = {Springer},
  volume = {},
  number = {},
  series = {Lecture Notes in Computer Science 1080},
  month = may,
  note = {}
}
