@TECHREPORT{Coifman90,
 author = {Coifman, Ronald R.\ and Wickerhauser, Mladen Victor},
 title = {{Best-adapted Wave Packet Bases}},
 institution = {Yale University},
 type = {{Technical Report}},
 number = {},
 address = {},
 year = 1990,
 month = nov,
 note = {}
}

@article{Jacobs95,
  author = {Charles E. Jacobs and Adam Finkelstein and David H. Salesin},
  title = {{Fast Multiresolution Image Querying}},
  journal = {Computer Graphics},
  volume = 29,
  pages = {277--286},
  year = 1995
}

@ARTICLE{Flickner95,
 author = {Myron Flickner and Harpreet S. Sawhney and Jonathan Ashley and Qian Huang and Byron Dom and Monika Gorkani and Jim Hafner and Denis Lee and Dragutin Petkovic and David Steele and Peter Yanker},
 title = {{Query by Image and Video Content: The QBIC System}},
 journal = {IEEE Computer},
 year = 1995,
 volume = 28,
 number = 9,
 pages = {23--32},
 month = sep,
 note = {}
}

@INPROCEEDINGS{Albanesi97,
 author = {Maria Grazia Albanesi and Luca Lombardi},
 title = {{Wavelets for Multiresolution Shape Recognition}},
 editor = {Del Bimbo, Alberto},
 booktitle = {Proceedings of ICIAP'97},
 number = {},
 series = {LNCS 1311},
 year = 1997,
 address = {Florence, Italy},
 organization = {},
 publisher = {},
 pages = {276-283},
 month = sep,
 note = {}
}

@INCOLLECTION{Coifman94,
   author = {Ronald R.\ Coifman and Yves Meyer and Stephen R. Quake and Mladen Victor Wickerhauser},
   title = {{Signal Processing and Compression with Wavelet Packets}},
   editor = {James S. Byrnes and Jennifer L. Byrnes and Kathryn A. Hargreaves and Karl Berry},
   booktitle = {{Wavelets and Their Applications}},
   volume = 442,
   series = {NATO ASI Series C: Mathematical and Physical Sciences},
   publisher = {Kluwer Academic Publishers},
   address = {},
   edition = {},
   month = {},
   year = 1994,
   type = {},
   chapter = {},
   pages = {363--379},
   note = {}
}

@TECHREPORT{Chen94,
 author = {Scott Shaobing Chen and David Donoho},
 title = {{Basis Pursuit}},
 institution = {Department of Statistics, Stanford University},
 type = {{Technical Report}},
 number = {},
 address = {},
 year = 1994,
 month = nov,
 note = {}
}

@TECHREPORT{Chen95,
 author = {Scott Shaobing Chen and David Donoho and Michael Saunders},
 title = {{Atomic Decomposition by Basis Pursuit}},
 institution = {Department of Statistics, Stanford University},
 type = {{Technical Report}},
 number = {},
 address = {},
 year = 1995,
 month = {},
 note = {}
}

@ARTICLE{Coifman92,
 author = {Ronald Raphael Coifman and Mladen Victor Wickerhauser},
 title = {{Entropy Based Algorithms for Best Basis Selection}},
 journal = {IEEE Transactions on Information Theory},
 year = 1992,
 volume = 32,
 number = {},
 pages = {712--718},
 month = mar,
 note = {}
}

@ARTICLE{Hilton94,
 author = {Michael L. Hilton and Bj\"{o}rn D. Jawerth and Ayan Sengupta},
 title = {{Compressing Still and Moving Images with Wavelets}},
 journal = {Multimedia Systems},
 year = 1994,
 volume = 2,
 number = 5,
 pages = {218--227},
 month = {},
 note = {}
}

@TECHREPORT{Wickerhauser90,
 author = {Mladen Victor Wickerhauser},
 title = {{Picture Compression by Best-Basis Sub-Band Coding}},
 institution = {Yale University},
 type = {Preprint},
 number = {},
 address = {},
 year = 1990,
 month = {},
 note = {}
}

@INPROCEEDINGS{Lu95,
 author = {Jian Lu and V. Ralph Algazi and Robert R. {Estes, Jr.}},
 title = {{Comparison of Wavelet Image Coders Using Picture Quality Scale (PQS)}},
 editor = {Harold H. Szu},
 booktitle = {Wavelet Applications {II}},
 volume = 2491,
 series = {},
 year = 1995,
 address = {},
 organization = {},
 publisher = {},
 pages = {1119--1130},
 month = {},
 note = {}
}

@ARTICLE{QChen94,
 author = {Chen, Qin-Sheng and Michel Defrise and F. Deconinck},
 title = {{Symmetric Phase-Only Matched Filtering of Fourier-Mellin Transforms for Image Registration and Recognition}},
 journal = {IEEE Transactions on Pattern Analysis and Machine Intelligence},
 year = 1994,
 volume = 16,
 number = 12,
 pages = {1156-1168},
 month = dec,
 note = {}
}

@BOOK{Meyer93,
   author = {Yves Meyer and Robert D. Ryan},
   title = {{Wavelets: Algorithms and Applications}},
   volume = {},
   series = {},
   publisher = {SIAM},
   address = {},
   edition = {},
   month = may,
   year = 1993,
   note = {},
}

@INPROCEEDINGS{Bach96,
 author = {Jeffrey R. Bach and Charles Fuller and Amarnath Gupta and Arun Hampapur and Bradley Horowitz and Rich Humphrey and Ramesh Jain and Chiao-Fe Shu},
 title = {{Virage Image Search Engine: An Open Framework for Image Management}},
 editor = {Ishwar K.\ Sethi and Ramesh C.\ Jain},
 booktitle = {Storage and Retrieval for Image and Video Databases IV},
 volume = 2670,
 series = {SPIE Conference on Wavelet Applications},
 year = 1996,
 address = {},
 organization = {},
 publisher = {SPIE Press},
 pages = {76-87},
 month = mar,
 note = {}
}

@ARTICLE{Jain96,
 author = {Anil K. Jain and Aditya Vailaya},
 title = {{Image Retrieval Using Color and Shape}},
 journal = {Pattern Recognition},
 year = 1996,
 volume = 29,
 number = {},
 pages = {1233-1244},
 month = aug,
 note = {}
}

@ARTICLE{Manjunath96,
 author = {B.S. Manjunath and W.Y. Ma},
 title = {{Texture Features for Browsing and Retrieval of Image Data}},
 journal = {IEEE Transactions on Pattern Analysis and Machine Intelligence},
 year = 1996,
 volume = 18,
 number = 8,
 pages = {837--842},
 month = aug,
 note = {}
}


@INPROCEEDINGS{Santini96,
 author = {Simone Santini and Ramesh Jain},
 title = {{Similarity Queries in Image Databases}},
 editor = {},
 booktitle = {Proceedings of CVPR'96, IEEE International Conference on Computer Vision and Pattern Recognition},
 number = {},
 series = {},
 year = 1996,
 address = {San Francisco, CA, USA},
 organization = {},
 publisher = {},
 pages = {},
 month = jun,
 note = {}
}

@ARTICLE{Santini99,
 author = {Simone Santini and Ramesh Jain},
 title = {{Similarity Matching}},
 journal = {IEEE Transactions on Pattern Analysis and Machine Intelligence},
 year = 1999,
 volume = 21,
 number = 9,
 pages = {871-883},
 month = sep,
 note = {}
}

@ARTICLE{Nelson96,
 author = {Nelson, Lee J.\ },
 title = {{Wavelet Based Image Compression: Commercializing the Capabilities}},
 journal = {Advanced Imaging},
 year = 1996,
 volume = {},
 number = {},
 pages = {},
 month = jan,
 note = {}
}

@ARTICLE{Reddy96,
 author = {Reddy, B.\ Srinivasa and Chatterji, B.N.},
 title = {{An FFT-Based Technique For Translation, Rotation, And Scale-Invariant Image Registration}},
 journal = {IEEE Transactions on Image Processing},
 year = 1996,
 volume = 5,
 number = {},
 pages = {1266-1271},
 month = {},
 note = {}
}

@ARTICLE{Wood96,
 author = {Jeff Wood},
 title = {{Invariant Pattern Recognition: a Review}},
 journal = {Pattern Recognition},
 year = 1996,
 volume = 29,
 number = 1,
 pages = {1-17},
 month = jan,
 note = {}
}

@INBOOK{Daubechies92,
   author = {Ingrid Daubechies},
   title = {{Ten Lectures on Wavelets}},
   volume = {},
   series = {CBMS-NSF Series in Applied Mathematics},
   publisher = {SIAM},
   address = {},
   edition = {},
   month = {},
   year = 1992,
   type = {},
   chapter = {},
   pages = {},
   note = {},
}

@UNPUBLISHED{Wickerhauser91,
    author = {Mladen Victor Wickerhauser},
    title = {{Lectures on Wavelet Packet Algorithms}},
    pages = 75,
    month = nov,
    year = 1991
}

@INPROCEEDINGS{Taswell95,
 author={Carl Taswell},
 title={{Image Compression by Parameterized-Model Coding of Wavelet Packet Near-Best Bases}},
 booktitle={SPIE Conference on Wavelet Applications},
 editor={Harold Szu},
 publisher={SPIE Press},
 volume = 2491,
 pages={153--161},
 year=1995,
 month=apr
}
